Id,TimeStamp,Total,TimeStampCallMin,OrderType,Price,FillType,TimeStampCallMax,Quantity
114177631,2017-09-20T05:20:45.33,0.13047557,2017-09-20 05:20:54.779383,SELL,0.07232000,PARTIAL_FILL,2017-09-20 05:38:01.650448,1.80414241
114177628,2017-09-20T05:20:44.22,0.50911572,2017-09-20 05:20:54.779383,SELL,0.07232000,PARTIAL_FILL,2017-09-20 05:38:01.650448,7.03976383
114177624,2017-09-20T05:20:42.53,0.09864802,2017-09-20 05:20:54.779383,BUY,0.07233999,FILL,2017-09-20 05:38:01.650448,1.36367210
114177623,2017-09-20T05:20:42.53,0.02825078,2017-09-20 05:20:54.779383,BUY,0.07233998,PARTIAL_FILL,2017-09-20 05:38:01.650448,0.39052790
114177622,2017-09-20T05:20:42.53,0.07233998,2017-09-20 05:20:54.779383,BUY,0.07233998,PARTIAL_FILL,2017-09-20 05:38:01.650448,1.00000000
114177618,2017-09-20T05:20:38.28,0.00248382,2017-09-20 05:20:54.779383,SELL,0.07232000,PARTIAL_FILL,2017-09-20 05:38:01.650448,0.03434491
114177606,2017-09-20T05:20:21.97,1.01248000,2017-09-20 05:20:54.779383,SELL,0.07232000,PARTIAL_FILL,2017-09-20 05:38:01.650448,14.00000000
114177600,2017-09-20T05:20:15.623,0.00795739,2017-09-20 05:20:54.779383,BUY,0.07233999,FILL,2017-09-20 05:38:01.650448,0.11000000
114177597,2017-09-20T05:20:14.657,0.26238259,2017-09-20 05:20:54.779383,SELL,0.07232000,PARTIAL_FILL,2017-09-20 05:37:53.897591,3.62807790
114177596,2017-09-20T05:20:14.657,0.07287774,2017-09-20 05:20:54.779383,SELL,0.07232001,FILL,2017-09-20 05:37:53.897591,1.00771210
114177541,2017-09-20T05:19:55.06,0.01114129,2017-09-20 05:20:54.779383,BUY,0.07233999,FILL,2017-09-20 05:37:53.897591,0.15401296
114177501,2017-09-20T05:19:49.107,0.00085956,2017-09-20 05:20:54.779383,BUY,0.07233999,FILL,2017-09-20 05:37:53.897591,0.01188227
114177493,2017-09-20T05:19:47.873,0.07456916,2017-09-20 05:20:54.779383,BUY,0.07233999,FILL,2017-09-20 05:37:53.897591,1.03081528
114177444,2017-09-20T05:19:40.373,0.00299332,2017-09-20 05:20:54.779383,SELL,0.07232000,PARTIAL_FILL,2017-09-20 05:37:53.897591,0.04139000
114177411,2017-09-20T05:19:34.263,0.28369192,2017-09-20 05:20:54.779383,SELL,0.07232000,PARTIAL_FILL,2017-09-20 05:37:53.897591,3.92273127
114177410,2017-09-20T05:19:34.263,0.05158259,2017-09-20 05:20:54.779383,SELL,0.07233990,FILL,2017-09-20 05:37:53.897591,0.71305873
114177392,2017-09-20T05:19:28.247,0.00037621,2017-09-20 05:20:54.779383,BUY,0.07233990,PARTIAL_FILL,2017-09-20 05:37:53.897591,0.00520059
114177383,2017-09-20T05:19:23.28,0.00361699,2017-09-20 05:20:54.779383,BUY,0.07233990,FILL,2017-09-20 05:37:53.897591,0.05000000
114177378,2017-09-20T05:19:22.263,0.01259014,2017-09-20 05:20:54.779383,BUY,0.07233990,FILL,2017-09-20 05:37:53.897591,0.17404144
114177332,2017-09-20T05:19:11.107,0.00125953,2017-09-20 05:20:54.779383,BUY,0.07233999,FILL,2017-09-20 05:37:53.897591,0.01741135
114177321,2017-09-20T05:19:08.637,0.00100996,2017-09-20 05:20:54.779383,SELL,0.07232000,PARTIAL_FILL,2017-09-20 05:37:39.839889,0.01396521
114177302,2017-09-20T05:19:02.323,0.00363956,2017-09-20 05:20:54.779383,SELL,0.07232001,PARTIAL_FILL,2017-09-20 05:37:39.839889,0.05032586
114177249,2017-09-20T05:18:53.903,0.05918606,2017-09-20 05:20:54.779383,BUY,0.07233999,FILL,2017-09-20 05:37:39.839889,0.81816523
114177189,2017-09-20T05:18:45.543,0.00313419,2017-09-20 05:20:54.779383,SELL,0.07233999,PARTIAL_FILL,2017-09-20 05:37:25.128668,0.04332588
114177177,2017-09-20T05:18:44.34,0.00626838,2017-09-20 05:20:54.779383,SELL,0.07233999,PARTIAL_FILL,2017-09-20 05:37:25.128668,0.08665177
114177169,2017-09-20T05:18:43.043,0.01253677,2017-09-20 05:20:54.779383,SELL,0.07233999,PARTIAL_FILL,2017-09-20 05:37:25.128668,0.17330354
114177161,2017-09-20T05:18:42.48,0.00100462,2017-09-20 05:20:54.779383,SELL,0.07233999,PARTIAL_FILL,2017-09-20 05:37:25.128668,0.01388751
114177153,2017-09-20T05:18:41.433,0.00483130,2017-09-20 05:20:54.779383,SELL,0.07233999,PARTIAL_FILL,2017-09-20 05:37:25.128668,0.06678603
114177152,2017-09-20T05:18:41.37,0.02561474,2017-09-20 05:20:54.779383,SELL,0.07233999,PARTIAL_FILL,2017-09-20 05:37:25.128668,0.35408835
114177150,2017-09-20T05:18:41.323,0.00483126,2017-09-20 05:20:54.779383,SELL,0.07233999,PARTIAL_FILL,2017-09-20 05:36:44.691839,0.06678552
114177138,2017-09-20T05:18:38.213,0.02531899,2017-09-20 05:20:54.779383,SELL,0.07233999,PARTIAL_FILL,2017-09-20 05:36:44.691839,0.35000000
114177136,2017-09-20T05:18:37.997,0.01229644,2017-09-20 05:20:54.779383,BUY,0.07233999,PARTIAL_FILL,2017-09-20 05:36:44.691839,0.16998123
114177135,2017-09-20T05:18:37.997,1.01754041,2017-09-20 05:20:54.779383,BUY,0.07233999,PARTIAL_FILL,2017-09-20 05:36:44.691839,14.06608459
114177134,2017-09-20T05:18:37.997,0.09485904,2017-09-20 05:20:54.779383,BUY,0.07232100,PARTIAL_FILL,2017-09-20 05:36:44.691839,1.31163905
114177069,2017-09-20T05:18:23.853,0.86219180,2017-09-20 05:20:54.779383,SELL,0.07232000,PARTIAL_FILL,2017-09-20 05:36:22.235876,11.92190000
114177051,2017-09-20T05:18:18.15,0.08226280,2017-09-20 05:20:54.779383,BUY,0.07232100,FILL,2017-09-20 05:36:22.235876,1.13746774
114176996,2017-09-20T05:17:58.963,0.01806553,2017-09-20 05:20:54.779383,SELL,0.07232000,PARTIAL_FILL,2017-09-20 05:36:22.235876,0.24980000
114176815,2017-09-20T05:17:30.79,0.02927604,2017-09-20 05:20:54.779383,SELL,0.07232000,PARTIAL_FILL,2017-09-20 05:36:03.336066,0.40481262
114176814,2017-09-20T05:17:30.76,0.05951265,2017-09-20 05:20:54.779383,SELL,0.07232000,PARTIAL_FILL,2017-09-20 05:36:03.336066,0.82290723
114176812,2017-09-20T05:17:30.32,0.00349241,2017-09-20 05:20:54.779383,SELL,0.07232000,PARTIAL_FILL,2017-09-20 05:36:03.336066,0.04829120
114176811,2017-09-20T05:17:29.947,0.00568131,2017-09-20 05:20:54.779383,SELL,0.07232000,PARTIAL_FILL,2017-09-20 05:36:03.336066,0.07855796
114176810,2017-09-20T05:17:29.76,0.00667994,2017-09-20 05:20:54.779383,SELL,0.07232000,PARTIAL_FILL,2017-09-20 05:36:03.336066,0.09236650
114176809,2017-09-20T05:17:29.71,0.01135688,2017-09-20 05:20:54.779383,SELL,0.07232000,PARTIAL_FILL,2017-09-20 05:35:45.224091,0.15703651
114176805,2017-09-20T05:17:29.023,0.02521488,2017-09-20 05:20:54.779383,SELL,0.07232000,PARTIAL_FILL,2017-09-20 05:35:45.224091,0.34865717
114176802,2017-09-20T05:17:28.617,0.00667656,2017-09-20 05:20:54.779383,SELL,0.07232000,PARTIAL_FILL,2017-09-20 05:35:45.224091,0.09231982
114176799,2017-09-20T05:17:28.307,0.21696000,2017-09-20 05:20:54.779383,BUY,0.07232000,PARTIAL_FILL,2017-09-20 05:35:45.224091,3.00000000
114176798,2017-09-20T05:17:28.307,0.01452721,2017-09-20 05:20:54.779383,BUY,0.07232000,PARTIAL_FILL,2017-09-20 05:35:45.224091,0.20087412
114176797,2017-09-20T05:17:28.307,0.06490437,2017-09-20 05:20:54.779383,BUY,0.07232000,PARTIAL_FILL,2017-09-20 05:35:45.224091,0.89746092
114176796,2017-09-20T05:17:28.307,0.10557821,2017-09-20 05:20:54.779383,BUY,0.07232000,PARTIAL_FILL,2017-09-20 05:35:45.224091,1.45987572
114176683,2017-09-20T05:17:01.553,0.00866473,2017-09-20 05:20:54.779383,BUY,0.07232000,FILL,2017-09-20 05:35:32.993514,0.11981100
114176668,2017-09-20T05:16:58.053,0.00113902,2017-09-20 05:20:54.779383,SELL,0.07231746,PARTIAL_FILL,2017-09-20 05:35:32.993514,0.01575034
114176617,2017-09-20T05:16:50.133,0.21405302,2017-09-20 05:20:54.779383,BUY,0.07232000,FILL,2017-09-20 05:35:32.993514,2.95980405
114176600,2017-09-20T05:16:46.773,0.00053253,2017-09-20 05:20:54.779383,SELL,0.07232000,FILL,2017-09-20 05:35:13.363944,0.00736360
114176599,2017-09-20T05:16:46.773,0.05355971,2017-09-20 05:20:54.779383,SELL,0.07232000,FILL,2017-09-20 05:35:13.363944,0.74059341
114176598,2017-09-20T05:16:46.773,0.31282159,2017-09-20 05:20:54.779383,SELL,0.07232000,FILL,2017-09-20 05:34:40.375958,4.32551980
114176597,2017-09-20T05:16:46.773,0.01895767,2017-09-20 05:20:54.779383,SELL,0.07232100,FILL,2017-09-20 05:34:40.375958,0.26213242
114176594,2017-09-20T05:16:46.147,0.02636189,2017-09-20 05:20:54.779383,SELL,0.07232100,PARTIAL_FILL,2017-09-20 05:34:40.375958,0.36451237
114176593,2017-09-20T05:16:46.147,0.02755712,2017-09-20 05:20:54.779383,SELL,0.07232100,PARTIAL_FILL,2017-09-20 05:34:40.375958,0.38103901
114176563,2017-09-20T05:16:33.57,0.36514421,2017-09-20 05:20:54.779383,BUY,0.07233999,FILL,2017-09-20 05:34:40.375958,5.04761213
114176519,2017-09-20T05:16:25.677,0.02002076,2017-09-20 05:20:54.779383,SELL,0.07232100,PARTIAL_FILL,2017-09-20 05:34:20.837059,0.27683193
114176507,2017-09-20T05:16:24.397,0.03616050,2017-09-20 05:20:54.779383,SELL,0.07232100,PARTIAL_FILL,2017-09-20 05:34:20.837059,0.50000000
114176425,2017-09-20T05:16:11.6,0.01430668,2017-09-20 05:20:54.779383,SELL,0.07232100,PARTIAL_FILL,2017-09-20 05:34:20.837059,0.19782194
114176377,2017-09-20T05:16:00.66,0.15910620,2017-09-20 05:20:54.779383,SELL,0.07232100,PARTIAL_FILL,2017-09-20 05:34:20.837059,2.20000000
114176365,2017-09-20T05:15:57.16,0.00209785,2017-09-20 05:20:54.779383,BUY,0.07233999,FILL,2017-09-20 05:34:20.837059,0.02900000
114176359,2017-09-20T05:15:56.583,0.16588267,2017-09-20 05:20:54.779383,SELL,0.07232100,PARTIAL_FILL,2017-09-20 05:34:20.837059,2.29370000
114176349,2017-09-20T05:15:55.333,0.04845507,2017-09-20 05:20:54.779383,SELL,0.07232100,PARTIAL_FILL,2017-09-20 05:34:20.837059,0.67000000
114176338,2017-09-20T05:15:52.66,0.02059247,2017-09-20 05:20:54.779383,BUY,0.07233999,FILL,2017-09-20 05:33:48.924180,0.28466235
114176281,2017-09-20T05:15:37.91,0.04917760,2017-09-20 05:20:54.779383,SELL,0.07232000,PARTIAL_FILL,2017-09-20 05:33:48.924180,0.68000000
114176269,2017-09-20T05:15:35.723,0.00650639,2017-09-20 05:20:54.779383,SELL,0.07232000,PARTIAL_FILL,2017-09-20 05:33:48.924180,0.08996681
114176264,2017-09-20T05:15:34.893,0.00417169,2017-09-20 05:20:54.779383,SELL,0.07232000,PARTIAL_FILL,2017-09-20 05:33:48.924180,0.05768386
114176258,2017-09-20T05:15:34.52,0.05052446,2017-09-20 05:20:54.779383,SELL,0.07232000,PARTIAL_FILL,2017-09-20 05:33:48.924180,0.69862375
114176252,2017-09-20T05:15:33.833,0.00834339,2017-09-20 05:20:54.779383,SELL,0.07232000,PARTIAL_FILL,2017-09-20 05:33:48.924180,0.11536773
114176247,2017-09-20T05:15:33.19,0.01668678,2017-09-20 05:20:54.779383,SELL,0.07232000,PARTIAL_FILL,2017-09-20 05:33:48.924180,0.23073547
114176245,2017-09-20T05:15:33.02,0.02543336,2017-09-20 05:20:54.779383,SELL,0.07232000,PARTIAL_FILL,2017-09-20 05:33:48.924180,0.35167821
114176239,2017-09-20T05:15:30.083,0.02206369,2017-09-20 05:20:54.779383,BUY,0.07233999,FILL,2017-09-20 05:33:17.781091,0.30500000
114176222,2017-09-20T05:15:25.287,0.35801469,2017-09-20 05:20:54.779383,SELL,0.07232000,PARTIAL_FILL,2017-09-20 05:32:59.745313,4.95042437
114176221,2017-09-20T05:15:25.287,0.00636469,2017-09-20 05:20:54.779383,SELL,0.07232000,FILL,2017-09-20 05:32:59.745313,0.08800733
114176220,2017-09-20T05:15:25.287,0.03084714,2017-09-20 05:20:54.779383,SELL,0.07232000,FILL,2017-09-20 05:32:49.076341,0.42653680
114176140,2017-09-20T05:15:12.177,0.00186314,2017-09-20 05:20:54.779383,BUY,0.07232000,PARTIAL_FILL,2017-09-20 05:32:49.076341,0.02576255
114176106,2017-09-20T05:15:06.067,0.01357676,2017-09-20 05:20:54.779383,SELL,0.07232000,FILL,2017-09-20 05:32:16.646236,0.18773176
114176105,2017-09-20T05:15:06.067,0.13700498,2017-09-20 05:20:54.779383,SELL,0.07232000,FILL,2017-09-20 05:32:16.646236,1.89442732
114176085,2017-09-20T05:15:02.66,0.00858149,2017-09-20 05:20:54.779383,SELL,0.07232000,PARTIAL_FILL,2017-09-20 05:31:43.007792,0.11866003
114176018,2017-09-20T05:14:56.69,0.03616000,2017-09-20 05:20:54.779383,SELL,0.07232000,PARTIAL_FILL,2017-09-20 05:31:43.007792,0.50000000
114175957,2017-09-20T05:14:43.36,0.03328867,2017-09-20 05:20:54.779383,SELL,0.07232000,PARTIAL_FILL,2017-09-20 05:31:43.007792,0.46029701
114175938,2017-09-20T05:14:37.673,0.33526033,2017-09-20 05:20:54.779383,SELL,0.07232000,PARTIAL_FILL,2017-09-20 05:31:28.121298,4.63579000
114175935,2017-09-20T05:14:37.267,0.22908048,2017-09-20 05:20:54.779383,BUY,0.07232001,FILL,2017-09-20 05:31:28.121298,3.16759480
114175924,2017-09-20T05:14:34.83,0.02694269,2017-09-20 05:20:54.779383,BUY,0.07232001,FILL,2017-09-20 05:31:28.121298,0.37254827
114175888,2017-09-20T05:14:28.11,0.00043068,2017-09-20 05:20:54.779383,SELL,0.07232000,PARTIAL_FILL,2017-09-20 05:31:28.121298,0.00595524
114175887,2017-09-20T05:14:28.11,0.08591917,2017-09-20 05:20:54.779383,SELL,0.07232001,FILL,2017-09-20 05:31:04.025796,1.18804151
114175828,2017-09-20T05:14:19.487,0.00099702,2017-09-20 05:20:54.779383,BUY,0.07234000,FILL,2017-09-20 05:31:04.025796,0.01378245
114175822,2017-09-20T05:14:18.89,0.09054386,2017-09-20 05:20:54.779383,BUY,0.07234000,FILL,2017-09-20 05:30:50.297100,1.25164312
114175788,2017-09-20T05:14:13.813,0.00706559,2017-09-20 05:20:54.779383,BUY,0.07234000,FILL,2017-09-20 05:30:50.297100,0.09767200
114175769,2017-09-20T05:14:10.673,0.00437881,2017-09-20 05:20:54.779383,BUY,0.07234000,FILL,2017-09-20 05:30:42.424711,0.06053100
114175763,2017-09-20T05:14:09.547,0.01520074,2017-09-20 05:20:54.779383,SELL,0.07232000,PARTIAL_FILL,2017-09-20 05:30:42.424711,0.21018732
114175747,2017-09-20T05:14:07.813,0.03217210,2017-09-20 05:20:54.779383,BUY,0.07234000,FILL,2017-09-20 05:29:55.558527,0.44473467
114175726,2017-09-20T05:14:05.737,0.01649162,2017-09-20 05:20:54.779383,SELL,0.07232000,PARTIAL_FILL,2017-09-20 05:29:55.558527,0.22803689
114175648,2017-09-20T05:13:55.64,0.86738051,2017-09-20 05:20:54.779383,SELL,0.07232000,PARTIAL_FILL,2017-09-20 05:29:55.558527,11.99364653
114175637,2017-09-20T05:13:54.33,0.00621075,2017-09-20 05:20:54.779383,BUY,0.07234000,FILL,2017-09-20 05:29:55.558527,0.08585500
114175611,2017-09-20T05:13:51.627,0.00866206,2017-09-20 05:20:54.779383,BUY,0.07234000,FILL,2017-09-20 05:29:55.558527,0.11974100
114175586,2017-09-20T05:13:47.907,0.00866206,2017-09-20 05:20:54.779383,BUY,0.07234000,FILL,2017-09-20 05:29:55.558527,0.11974100
114175568,2017-09-20T05:13:45.313,0.00866206,2017-09-20 05:20:54.779383,BUY,0.07234000,FILL,2017-09-20 05:29:55.558527,0.11974100
114175546,2017-09-20T05:13:43.687,0.00312066,2017-09-20 05:20:54.779383,BUY,0.07234000,FILL,2017-09-20 05:29:29.878660,0.04313889
114175537,2017-09-20T05:13:43.14,0.04045766,2017-09-20 05:20:54.779383,SELL,0.07232000,PARTIAL_FILL,2017-09-20 05:29:29.878660,0.55942572
114175529,2017-09-20T05:13:42.61,0.00866206,2017-09-20 05:20:54.779383,BUY,0.07234000,FILL,2017-09-20 05:29:29.878660,0.11974100
114175440,2017-09-20T05:13:34.97,0.01767108,2017-09-20 05:20:54.779383,SELL,0.07232000,PARTIAL_FILL,2017-09-20 05:29:29.878660,0.24434580
114175435,2017-09-20T05:13:34.797,0.03025310,2017-09-20 05:20:54.779383,SELL,0.07232000,PARTIAL_FILL,2017-09-20 05:29:29.878660,0.41832279
114175431,2017-09-20T05:13:34.623,0.06559528,2017-09-20 05:20:54.779383,SELL,0.07232000,PARTIAL_FILL,2017-09-20 05:29:04.944719,0.90701441
114175428,2017-09-20T05:13:34.483,0.00866206,2017-09-20 05:20:54.779383,BUY,0.07234000,FILL,2017-09-20 05:29:04.944719,0.11974100
114175413,2017-09-20T05:13:29.827,0.00866206,2017-09-20 05:20:54.779383,BUY,0.07234000,FILL,2017-09-20 05:29:04.944719,0.11974100
114175398,2017-09-20T05:13:27.907,0.00795740,2017-09-20 05:20:54.779383,BUY,0.07234000,FILL,2017-09-20 05:29:04.944719,0.11000000
114175386,2017-09-20T05:13:26.763,0.12412497,2017-09-20 05:20:54.779383,SELL,0.07232000,PARTIAL_FILL,2017-09-20 05:29:04.944719,1.71632983
114175385,2017-09-20T05:13:26.763,0.00706559,2017-09-20 05:20:54.779383,SELL,0.07232000,FILL,2017-09-20 05:29:04.944719,0.09769900
114175336,2017-09-20T05:13:20.703,0.01809235,2017-09-20 05:20:54.779383,SELL,0.07231746,PARTIAL_FILL,2017-09-20 05:29:04.944719,0.25017959
114175335,2017-09-20T05:13:20.703,0.00192742,2017-09-20 05:20:54.779383,SELL,0.07231746,FILL,2017-09-20 05:29:04.944719,0.02665234
114175322,2017-09-20T05:13:19.263,0.93217484,2017-09-20 05:20:54.779383,BUY,0.07234000,FILL,2017-09-20 05:29:04.944719,12.88602225
114175321,2017-09-20T05:13:19.263,0.31950057,2017-09-20 05:20:54.779383,BUY,0.07232000,PARTIAL_FILL,2017-09-20 05:29:04.944719,4.41787300
114175304,2017-09-20T05:13:15.61,0.00706559,2017-09-20 05:20:54.779383,BUY,0.07232000,FILL,2017-09-20 05:28:20.022249,0.09769900
114175300,2017-09-20T05:13:13.467,0.00869416,2017-09-20 05:20:54.779383,SELL,0.07232000,FILL,2017-09-20 05:28:20.022249,0.12021800
114175291,2017-09-20T05:13:05.903,0.04438661,2017-09-20 05:20:54.779383,SELL,0.07234000,FILL,2017-09-20 05:27:50.474016,0.61358323
114175290,2017-09-20T05:13:05.903,0.00706555,2017-09-20 05:20:54.779383,SELL,0.07235000,FILL,2017-09-20 05:27:50.474016,0.09765800
114175283,2017-09-20T05:13:02.357,0.33535304,2017-09-20 05:20:54.779383,SELL,0.07234000,PARTIAL_FILL,2017-09-20 05:27:50.474016,4.63579000
114175281,2017-09-20T05:13:01.28,0.01447000,2017-09-20 05:20:54.779383,BUY,0.07235000,FILL,2017-09-20 05:27:50.474016,0.20000000
114175276,2017-09-20T05:12:58.81,0.00706555,2017-09-20 05:20:54.779383,BUY,0.07235000,FILL,2017-09-20 05:27:50.474016,0.09765800
114175264,2017-09-20T05:12:55.717,0.00706555,2017-09-20 05:20:54.779383,SELL,0.07235000,FILL,2017-09-20 05:27:50.474016,0.09765800
114175212,2017-09-20T05:12:45.013,0.33535304,2017-09-20 05:20:54.779383,SELL,0.07234000,PARTIAL_FILL,2017-09-20 05:27:26.010049,4.63579000
114175191,2017-09-20T05:12:40.433,0.00706483,2017-09-20 05:20:54.779383,BUY,0.07235000,FILL,2017-09-20 05:27:26.010049,0.09764800
114175187,2017-09-20T05:12:39.717,0.17719245,2017-09-20 05:20:54.779383,SELL,0.07235000,FILL,2017-09-20 05:27:26.010049,2.44910102
114175162,2017-09-20T05:12:35.467,0.02783057,2017-09-20 05:20:54.779383,SELL,0.07235769,FILL,2017-09-20 05:27:26.010049,0.38462504
114175161,2017-09-20T05:12:35.467,0.08994603,2017-09-20 05:20:54.779383,SELL,0.07235769,FILL,2017-09-20 05:27:10.735348,1.24307503
114175136,2017-09-20T05:12:32.043,0.10946761,2017-09-20 05:20:54.779383,BUY,0.07249999,FILL,2017-09-20 05:27:10.735348,1.50989830
114175096,2017-09-20T05:12:24.573,0.00343873,2017-09-20 05:20:54.779383,SELL,0.07235769,PARTIAL_FILL,2017-09-20 05:27:10.735348,0.04752414
114175082,2017-09-20T05:12:21.217,0.23380386,2017-09-20 05:20:54.779383,SELL,0.07235769,PARTIAL_FILL,2017-09-20 05:26:59.783550,3.23122342
114175079,2017-09-20T05:12:20.777,0.11902081,2017-09-20 05:20:54.779383,SELL,0.07235769,PARTIAL_FILL,2017-09-20 05:26:27.876508,1.64489511
114175077,2017-09-20T05:12:20.467,0.00100992,2017-09-20 05:20:54.779383,BUY,0.07249999,FILL,2017-09-20 05:26:27.876508,0.01392999
114175075,2017-09-20T05:12:20.06,0.00099548,2017-09-20 05:20:54.779383,SELL,0.07235769,PARTIAL_FILL,2017-09-20 05:26:27.876508,0.01375779
114175070,2017-09-20T05:12:18.84,0.00099548,2017-09-20 05:20:54.779383,SELL,0.07235769,PARTIAL_FILL,2017-09-20 05:26:27.876508,0.01375780
114175065,2017-09-20T05:12:18.12,0.00421557,2017-09-20 05:20:54.779383,BUY,0.07249999,FILL,2017-09-20 05:26:27.876508,0.05814582
114175064,2017-09-20T05:12:18.12,0.00356114,2017-09-20 05:20:54.779383,BUY,0.07249999,PARTIAL_FILL,2017-09-20 05:26:27.876508,0.04911921
114175061,2017-09-20T05:12:18.013,0.00143822,2017-09-20 05:20:54.779383,BUY,0.07249999,FILL,2017-09-20 05:25:59.909653,0.01983761
114175031,2017-09-20T05:12:12.387,0.05818560,2017-09-20 05:20:54.779383,SELL,0.07235769,PARTIAL_FILL,2017-09-20 05:25:59.909653,0.80413846
114175029,2017-09-20T05:12:12.23,0.00305262,2017-09-20 05:20:54.779383,BUY,0.07249999,FILL,2017-09-20 05:25:59.909653,0.04210518
114175028,2017-09-20T05:12:12.23,0.00401293,2017-09-20 05:20:54.779383,BUY,0.07249998,PARTIAL_FILL,2017-09-20 05:25:59.909653,0.05535082
114174988,2017-09-20T05:12:05.17,0.27197904,2017-09-20 05:20:54.779383,SELL,0.07235769,PARTIAL_FILL,2017-09-20 05:25:59.909653,3.75881333
114174987,2017-09-20T05:12:05.17,0.00706558,2017-09-20 05:20:54.779383,SELL,0.07240000,FILL,2017-09-20 05:25:59.909653,0.09759100
114174946,2017-09-20T05:11:51.213,0.00065275,2017-09-20 05:20:54.779383,BUY,0.07240000,FILL,2017-09-20 05:25:59.909653,0.00901600
114174945,2017-09-20T05:11:51.213,0.00641283,2017-09-20 05:20:54.779383,BUY,0.07240000,PARTIAL_FILL,2017-09-20 05:25:59.909653,0.08857500
114174926,2017-09-20T05:11:46.043,0.00867250,2017-09-20 05:20:54.779383,BUY,0.07240000,FILL,2017-09-20 05:25:59.909653,0.11978600
114174923,2017-09-20T05:11:44.497,0.21383779,2017-09-20 05:20:54.779383,SELL,0.07235769,PARTIAL_FILL,2017-09-20 05:25:59.909653,2.95528769
114174922,2017-09-20T05:11:44.497,0.00269144,2017-09-20 05:20:54.779383,SELL,0.07235771,FILL,2017-09-20 05:25:59.909653,0.03719638
114174890,2017-09-20T05:11:35.637,0.00867199,2017-09-20 05:20:54.779383,SELL,0.07240000,FILL,2017-09-20 05:25:59.909653,0.11977900
114174807,2017-09-20T05:11:17.29,0.00435769,2017-09-20 05:20:54.779383,SELL,0.07240000,FILL,2017-09-20 05:25:59.909653,0.06018910
114174803,2017-09-20T05:11:16.853,0.00433595,2017-09-20 05:20:54.779383,SELL,0.07240000,PARTIAL_FILL,2017-09-20 05:25:22.099440,0.05988890
114174802,2017-09-20T05:11:16.65,0.00494668,2017-09-20 05:20:54.779383,BUY,0.07254995,FILL,2017-09-20 05:25:22.099440,0.06818311
114174707,2017-09-20T05:11:03.523,0.02123457,2017-09-20 05:20:54.779383,BUY,0.07254999,FILL,2017-09-20 05:25:22.099440,0.29268891
114174706,2017-09-20T05:11:03.523,0.03126015,2017-09-20 05:20:54.779383,BUY,0.07240000,PARTIAL_FILL,2017-09-20 05:25:22.099440,0.43177012
114174705,2017-09-20T05:11:03.523,0.02718447,2017-09-20 05:20:54.779383,BUY,0.07240000,PARTIAL_FILL,2017-09-20 05:25:22.099440,0.37547619
114174680,2017-09-20T05:10:59.65,0.00702207,2017-09-20 05:20:54.779383,BUY,0.07240000,FILL,2017-09-20 05:25:22.099440,0.09698999
114174679,2017-09-20T05:10:59.633,0.00167143,2017-09-20 05:20:54.779383,BUY,0.07239390,PARTIAL_FILL,2017-09-20 05:25:07.936808,0.02308801
114174660,2017-09-20T05:10:57.273,0.00063078,2017-09-20 05:20:54.779383,SELL,0.07239390,FILL,2017-09-20 05:25:07.936808,0.00871329
114174646,2017-09-20T05:10:55.07,0.00253953,2017-09-20 05:20:54.779383,BUY,0.07240000,FILL,2017-09-20 05:25:07.936808,0.03507640
114174645,2017-09-20T05:10:55.07,0.00615410,2017-09-20 05:20:54.779383,BUY,0.07239982,PARTIAL_FILL,2017-09-20 05:25:07.936808,0.08500160
114174637,2017-09-20T05:10:50.963,0.00618494,2017-09-20 05:20:54.779383,SELL,0.07239982,FILL,2017-09-20 05:25:07.936808,0.08542768
114174636,2017-09-20T05:10:50.79,0.00615410,2017-09-20 05:20:54.779383,SELL,0.07239982,PARTIAL_FILL,2017-09-20 05:25:07.936808,0.08500160
114174628,2017-09-20T05:10:48.417,0.00793225,2017-09-20 05:20:54.779383,BUY,0.07239390,PARTIAL_FILL,2017-09-20 05:25:07.936808,0.10957072
114174616,2017-09-20T05:10:45.93,0.00243957,2017-09-20 05:20:54.779383,SELL,0.07235769,PARTIAL_FILL,2017-09-20 05:25:07.936808,0.03371549
114174598,2017-09-20T05:10:39.43,0.00799293,2017-09-20 05:20:54.779383,BUY,0.07239390,FILL,2017-09-20 05:25:07.936808,0.11040900
114174595,2017-09-20T05:10:38.727,0.33107929,2017-09-20 05:20:54.779383,SELL,0.07235769,PARTIAL_FILL,2017-09-20 05:25:07.936808,4.57559238
114174594,2017-09-20T05:10:38.727,0.00435793,2017-09-20 05:20:54.779383,SELL,0.07239389,FILL,2017-09-20 05:25:07.936808,0.06019762
114174591,2017-09-20T05:10:36.9,0.00433620,2017-09-20 05:20:54.779383,SELL,0.07239389,PARTIAL_FILL,2017-09-20 05:25:07.936808,0.05989738
114174587,2017-09-20T05:10:35.587,0.33543505,2017-09-20 05:20:54.779383,SELL,0.07235769,PARTIAL_FILL,2017-09-20 05:24:35.710191,4.63579000
114174573,2017-09-20T05:10:29.227,0.06650062,2017-09-20 05:20:54.779383,BUY,0.07232000,FILL,2017-09-20 05:24:35.710191,0.91953293
114174571,2017-09-20T05:10:28.9,0.00361600,2017-09-20 05:20:54.779383,SELL,0.07232000,FILL,2017-09-20 05:24:35.710191,0.05000000
114174570,2017-09-20T05:10:28.9,0.01348044,2017-09-20 05:20:54.779383,SELL,0.07232000,FILL,2017-09-20 05:24:35.710191,0.18640000
114174569,2017-09-20T05:10:28.9,0.10780635,2017-09-20 05:20:54.779383,SELL,0.07232000,FILL,2017-09-20 05:24:35.710191,1.49068528
114174561,2017-09-20T05:10:26.053,0.00968157,2017-09-20 05:20:54.779383,BUY,0.07239390,FILL,2017-09-20 05:24:35.710191,0.13373465
114174560,2017-09-20T05:10:26.053,0.00148287,2017-09-20 05:20:54.779383,BUY,0.07239390,PARTIAL_FILL,2017-09-20 05:24:35.710191,0.02048349
114174559,2017-09-20T05:10:26.053,0.02450764,2017-09-20 05:20:54.779383,BUY,0.07235769,PARTIAL_FILL,2017-09-20 05:24:35.710191,0.33870131
114174550,2017-09-20T05:10:24.15,0.31893118,2017-09-20 05:20:54.779383,SELL,0.07232000,PARTIAL_FILL,2017-09-20 05:23:58.069845,4.40999976
114174544,2017-09-20T05:10:23.32,0.69601517,2017-09-20 05:20:54.779383,SELL,0.07232000,PARTIAL_FILL,2017-09-20 05:23:58.069845,9.62410357
114174538,2017-09-20T05:10:22.273,0.50201904,2017-09-20 05:20:54.779383,SELL,0.07232000,PARTIAL_FILL,2017-09-20 05:23:58.069845,6.94163509
114174532,2017-09-20T05:10:20.993,0.05134188,2017-09-20 05:20:54.779383,SELL,0.07239390,FILL,2017-09-20 05:23:16.047812,0.70920176
114174526,2017-09-20T05:10:19.68,0.02483792,2017-09-20 05:20:54.779383,SELL,0.07239390,PARTIAL_FILL,2017-09-20 05:23:16.047812,0.34309418
114174524,2017-09-20T05:10:19.15,0.00345204,2017-09-20 05:20:54.779383,BUY,0.07236379,PARTIAL_FILL,2017-09-20 05:23:16.047812,0.04770406
114174517,2017-09-20T05:10:17.74,0.01973586,2017-09-20 05:20:54.779383,BUY,0.07236379,FILL,2017-09-20 05:23:16.047812,0.27273126
114174516,2017-09-20T05:10:17.74,0.01187485,2017-09-20 05:20:54.779383,BUY,0.07233000,PARTIAL_FILL,2017-09-20 05:22:51.772777,0.16417603
114174515,2017-09-20T05:10:17.74,0.01579057,2017-09-20 05:20:54.779383,BUY,0.07233000,PARTIAL_FILL,2017-09-20 05:22:51.772777,0.21831300
114174514,2017-09-20T05:10:17.74,0.00759870,2017-09-20 05:20:54.779383,BUY,0.07233000,PARTIAL_FILL,2017-09-20 05:22:51.772777,0.10505600
114174501,2017-09-20T05:10:13.79,0.02406161,2017-09-20 05:20:54.779383,SELL,0.07233000,FILL,2017-09-20 05:22:51.772777,0.33266432
114174497,2017-09-20T05:10:13.553,0.00759870,2017-09-20 05:20:54.779383,SELL,0.07233000,PARTIAL_FILL,2017-09-20 05:22:51.772777,0.10505600
114174496,2017-09-20T05:10:13.54,0.04289391,2017-09-20 05:20:54.779383,SELL,0.07240000,FILL,2017-09-20 05:22:51.772777,0.59245742
114174494,2017-09-20T05:10:13.257,0.03674608,2017-09-20 05:20:54.779383,SELL,0.07240000,PARTIAL_FILL,2017-09-20 05:22:51.772777,0.50754258
114174472,2017-09-20T05:10:07.227,0.08180178,2017-09-20 05:20:54.779383,BUY,0.07240001,FILL,2017-09-20 05:22:24.364428,1.12985879
114174471,2017-09-20T05:10:07.227,0.00147984,2017-09-20 05:20:54.779383,BUY,0.07240000,PARTIAL_FILL,2017-09-20 05:22:24.364428,0.02043981
114174470,2017-09-20T05:10:07.227,0.24458075,2017-09-20 05:20:54.779383,BUY,0.07235000,PARTIAL_FILL,2017-09-20 05:22:12.611147,3.38052185
114174464,2017-09-20T05:10:04.507,0.01131728,2017-09-20 05:20:54.779383,SELL,0.07235000,FILL,2017-09-20 05:21:50.297952,0.15642418
114174463,2017-09-20T05:10:04.507,0.07950136,2017-09-20 05:20:54.779383,SELL,0.07235000,FILL,2017-09-20 05:21:50.297952,1.09884397
114174458,2017-09-20T05:10:04.18,0.01018008,2017-09-20 05:20:54.779383,SELL,0.07235000,PARTIAL_FILL,2017-09-20 05:21:50.297952,0.14070615
114174457,2017-09-20T05:10:03.867,0.01299997,2017-09-20 05:20:54.779383,SELL,0.07235000,PARTIAL_FILL,2017-09-20 05:21:07.219947,0.17968170
114174454,2017-09-20T05:10:03.053,0.02036018,2017-09-20 05:20:54.779383,SELL,0.07235000,PARTIAL_FILL,2017-09-20 05:21:07.219947,0.28141231
114174436,2017-09-20T05:09:59.99,0.33539940,2017-09-20 05:20:54.779383,SELL,0.07235000,PARTIAL_FILL,2017-09-20 05:21:07.219947,4.63579000
114177664,2017-09-20T05:21:09.05,0.50624000,2017-09-20 05:21:38.690306,SELL,0.07232000,PARTIAL_FILL,2017-09-20 05:38:01.650448,7.00000000
114177648,2017-09-20T05:20:56.547,0.00730631,2017-09-20 05:21:38.690306,BUY,0.07233978,FILL,2017-09-20 05:38:01.650448,0.10100000
114177634,2017-09-20T05:20:51.487,0.02351880,2017-09-20 05:21:38.690306,SELL,0.07232000,PARTIAL_FILL,2017-09-20 05:38:01.650448,0.32520477
114177686,2017-09-20T05:21:36.86,0.00496684,2017-09-20 05:21:51.786403,BUY,0.07233978,FILL,2017-09-20 05:38:01.650448,0.06865990
114177680,2017-09-20T05:21:31.377,0.00788505,2017-09-20 05:21:51.786403,BUY,0.07233999,FILL,2017-09-20 05:38:01.650448,0.10900000
114177678,2017-09-20T05:21:23.69,0.00723397,2017-09-20 05:21:51.786403,BUY,0.07233978,FILL,2017-09-20 05:38:01.650448,0.10000000
114177691,2017-09-20T05:21:45.02,0.00209785,2017-09-20 05:22:14.073518,BUY,0.07233978,FILL,2017-09-20 05:38:01.650448,0.02900000
114177710,2017-09-20T05:22:09.13,0.05105792,2017-09-20 05:22:25.920205,SELL,0.07232000,PARTIAL_FILL,2017-09-20 05:38:01.650448,0.70600000
114177707,2017-09-20T05:22:07.067,0.28928000,2017-09-20 05:22:25.920205,SELL,0.07232000,PARTIAL_FILL,2017-09-20 05:38:01.650448,4.00000000
114177726,2017-09-20T05:22:24.27,0.00630376,2017-09-20 05:22:53.466812,SELL,0.07232000,PARTIAL_FILL,2017-09-20 05:38:57.782580,0.08716484
114177725,2017-09-20T05:22:22.99,0.04392778,2017-09-20 05:22:53.466812,BUY,0.07233999,FILL,2017-09-20 05:38:57.782580,0.60724069
114177724,2017-09-20T05:22:22.99,0.30962982,2017-09-20 05:22:53.466812,BUY,0.07233998,PARTIAL_FILL,2017-09-20 05:38:57.782580,4.28020339
114177722,2017-09-20T05:22:22.41,0.37759998,2017-09-20 05:22:53.466812,BUY,0.07233998,FILL,2017-09-20 05:38:57.782580,5.21979661
114177721,2017-09-20T05:22:22.41,0.03439250,2017-09-20 05:22:53.466812,BUY,0.07233978,PARTIAL_FILL,2017-09-20 05:38:57.782580,0.47542998
114177720,2017-09-20T05:22:22.41,0.07233977,2017-09-20 05:22:53.466812,BUY,0.07233977,PARTIAL_FILL,2017-09-20 05:38:57.782580,1.00000000
114177718,2017-09-20T05:22:22.207,0.01260752,2017-09-20 05:22:53.466812,SELL,0.07232000,PARTIAL_FILL,2017-09-20 05:38:01.650448,0.17432968
114177907,2017-09-20T05:23:11.24,0.03182164,2017-09-20 05:23:29.459611,SELL,0.07232193,PARTIAL_FILL,2017-09-20 05:39:29.617890,0.44000000
114177863,2017-09-20T05:23:01.46,0.00294168,2017-09-20 05:23:29.459611,SELL,0.07232193,PARTIAL_FILL,2017-09-20 05:38:57.782580,0.04067487
114177862,2017-09-20T05:23:01.46,0.00021027,2017-09-20 05:23:29.459611,SELL,0.07232193,FILL,2017-09-20 05:38:57.782580,0.00290755
114177828,2017-09-20T05:22:53.38,0.01425762,2017-09-20 05:23:29.459611,SELL,0.07232193,PARTIAL_FILL,2017-09-20 05:38:57.782580,0.19714117
114177955,2017-09-20T05:23:35.397,0.03662912,2017-09-20 05:24:11.786817,BUY,0.07233977,FILL,2017-09-20 05:39:29.617890,0.50634839
114177952,2017-09-20T05:23:32.977,0.17027709,2017-09-20 05:24:11.786817,BUY,0.07233977,FILL,2017-09-20 05:39:29.617890,2.35385183
114177949,2017-09-20T05:23:30.99,0.07262934,2017-09-20 05:24:11.786817,BUY,0.07233977,FILL,2017-09-20 05:39:29.617890,1.00400299
114177998,2017-09-20T05:24:29.93,0.01575152,2017-09-20 05:24:37.121087,SELL,0.07232200,PARTIAL_FILL,2017-09-20 05:39:29.617890,0.21779720
114177997,2017-09-20T05:24:29.93,0.19838385,2017-09-20 05:24:37.121087,SELL,0.07232200,FILL,2017-09-20 05:39:29.617890,2.74306369
114177986,2017-09-20T05:24:12.15,0.00111614,2017-09-20 05:24:37.121087,SELL,0.07232200,PARTIAL_FILL,2017-09-20 05:39:29.617890,0.01543303
114177984,2017-09-20T05:24:07.243,0.01667652,2017-09-20 05:24:37.121087,BUY,0.07233977,FILL,2017-09-20 05:39:29.617890,0.23053049
114177982,2017-09-20T05:24:06.68,0.31573030,2017-09-20 05:24:37.121087,SELL,0.07233977,FILL,2017-09-20 05:39:29.617890,4.36454664
114177978,2017-09-20T05:24:05.163,0.00445736,2017-09-20 05:24:37.121087,BUY,0.07233977,PARTIAL_FILL,2017-09-20 05:39:29.617890,0.06161702
114177977,2017-09-20T05:24:05.163,0.01694311,2017-09-20 05:24:37.121087,BUY,0.07233977,PARTIAL_FILL,2017-09-20 05:39:29.617890,0.23421576
114177976,2017-09-20T05:24:05.163,0.45860669,2017-09-20 05:24:37.121087,BUY,0.07233977,PARTIAL_FILL,2017-09-20 05:39:29.617890,6.33962058
114178034,2017-09-20T05:24:56.697,0.00382298,2017-09-20 05:25:09.799603,SELL,0.07232000,PARTIAL_FILL,2017-09-20 05:39:57.698862,0.05286203
114178033,2017-09-20T05:24:56.697,0.20313173,2017-09-20 05:25:09.799603,SELL,0.07232193,FILL,2017-09-20 05:39:57.698862,2.80871567
114178032,2017-09-20T05:24:56.697,0.04357521,2017-09-20 05:25:09.799603,SELL,0.07232193,FILL,2017-09-20 05:39:29.617890,0.60251727
114178031,2017-09-20T05:24:56.697,0.00099999,2017-09-20 05:25:09.799603,SELL,0.07232193,FILL,2017-09-20 05:39:29.617890,0.01382706
114178030,2017-09-20T05:24:56.697,0.00139763,2017-09-20 05:25:09.799603,SELL,0.07232193,FILL,2017-09-20 05:39:29.617890,0.01932513
114178029,2017-09-20T05:24:56.68,0.03041671,2017-09-20 05:25:09.799603,SELL,0.07232200,FILL,2017-09-20 05:39:29.617890,0.42057351
114178028,2017-09-20T05:24:56.68,0.14464400,2017-09-20 05:25:09.799603,SELL,0.07232200,FILL,2017-09-20 05:39:29.617890,2.00000000
114178027,2017-09-20T05:24:56.68,0.07345652,2017-09-20 05:25:09.799603,SELL,0.07232200,FILL,2017-09-20 05:39:29.617890,1.01568709
114178013,2017-09-20T05:24:40.463,0.03631057,2017-09-20 05:25:09.799603,BUY,0.07233977,FILL,2017-09-20 05:39:29.617890,0.50194486
114178007,2017-09-20T05:24:38.9,0.00364359,2017-09-20 05:25:09.799603,BUY,0.07233977,FILL,2017-09-20 05:39:29.617890,0.05036775
114178005,2017-09-20T05:24:38.68,0.00364359,2017-09-20 05:25:09.799603,BUY,0.07233977,FILL,2017-09-20 05:39:29.617890,0.05036775
114178003,2017-09-20T05:24:38.667,0.05946725,2017-09-20 05:25:09.799603,BUY,0.07233977,FILL,2017-09-20 05:39:29.617890,0.82205477
114178074,2017-09-20T05:25:28.027,0.14451984,2017-09-20 05:25:33.779062,BUY,0.07233977,FILL,2017-09-20 05:39:57.698862,1.99779237
114178073,2017-09-20T05:25:28.027,6.2E-7,2017-09-20 05:25:33.779062,BUY,0.07233977,PARTIAL_FILL,2017-09-20 05:39:57.698862,0.00000866
114178066,2017-09-20T05:25:24.543,0.11533949,2017-09-20 05:25:33.779062,SELL,0.07232200,PARTIAL_FILL,2017-09-20 05:39:57.698862,1.59480517
114178065,2017-09-20T05:25:22.713,0.01449404,2017-09-20 05:25:33.779062,SELL,0.07232200,PARTIAL_FILL,2017-09-20 05:39:57.698862,0.20040985
114178064,2017-09-20T05:25:21.057,0.11533949,2017-09-20 05:25:33.779062,SELL,0.07232200,PARTIAL_FILL,2017-09-20 05:39:57.698862,1.59480517
114178050,2017-09-20T05:25:09.2,0.02167821,2017-09-20 05:25:33.779062,BUY,0.07232200,PARTIAL_FILL,2017-09-20 05:39:57.698862,0.29974581
114178198,2017-09-20T05:25:54.513,0.02756401,2017-09-20 05:26:01.366079,SELL,0.07232000,FILL,2017-09-20 05:40:30.604086,0.38113962
114178197,2017-09-20T05:25:54.513,0.00703229,2017-09-20 05:26:01.366079,SELL,0.07232000,FILL,2017-09-20 05:40:30.604086,0.09723866
114178196,2017-09-20T05:25:54.497,0.01246875,2017-09-20 05:26:01.366079,SELL,0.07232200,FILL,2017-09-20 05:40:30.604086,0.17240605
114178184,2017-09-20T05:25:51.683,0.10624016,2017-09-20 05:26:01.366079,SELL,0.07232000,PARTIAL_FILL,2017-09-20 05:40:30.604086,1.46902889
114178183,2017-09-20T05:25:51.683,0.63799407,2017-09-20 05:26:01.366079,SELL,0.07232000,FILL,2017-09-20 05:40:30.604086,8.82182079
114178182,2017-09-20T05:25:51.683,0.06575156,2017-09-20 05:26:01.366079,SELL,0.07232200,FILL,2017-09-20 05:39:57.698862,0.90915032
114178166,2017-09-20T05:25:48.17,0.00596540,2017-09-20 05:26:01.366079,BUY,0.07233977,FILL,2017-09-20 05:39:57.698862,0.08246376
114178121,2017-09-20T05:25:38.45,0.00344953,2017-09-20 05:26:01.366079,SELL,0.07232000,PARTIAL_FILL,2017-09-20 05:39:57.698862,0.04769815
114178120,2017-09-20T05:25:38.433,2.06297460,2017-09-20 05:26:01.366079,SELL,0.07232000,PARTIAL_FILL,2017-09-20 05:39:57.698862,28.52564444
114178119,2017-09-20T05:25:38.433,0.00081401,2017-09-20 05:26:01.366079,SELL,0.07232200,FILL,2017-09-20 05:39:57.698862,0.01125549
114178118,2017-09-20T05:25:38.433,0.46742432,2017-09-20 05:26:01.366079,SELL,0.07232200,FILL,2017-09-20 05:39:57.698862,6.46310007
114178117,2017-09-20T05:25:38.403,0.00351957,2017-09-20 05:26:01.366079,SELL,0.07232200,PARTIAL_FILL,2017-09-20 05:39:57.698862,0.04866535
114178110,2017-09-20T05:25:36.997,0.04831764,2017-09-20 05:26:01.366079,SELL,0.07232200,PARTIAL_FILL,2017-09-20 05:39:57.698862,0.66809058
114178308,2017-09-20T05:26:24.403,0.00207780,2017-09-20 05:26:29.340402,BUY,0.07232000,FILL,2017-09-20 05:40:30.604086,0.02873066
114178306,2017-09-20T05:26:23.013,0.01538820,2017-09-20 05:26:29.340402,BUY,0.07232000,FILL,2017-09-20 05:40:30.604086,0.21277941
114178299,2017-09-20T05:26:20.78,0.02568528,2017-09-20 05:26:29.340402,BUY,0.07232000,FILL,2017-09-20 05:40:30.604086,0.35516156
114178296,2017-09-20T05:26:20.2,0.05704135,2017-09-20 05:26:29.340402,BUY,0.07232000,FILL,2017-09-20 05:40:30.604086,0.78873557
114178294,2017-09-20T05:26:20.14,0.03999999,2017-09-20 05:26:29.340402,BUY,0.07232000,FILL,2017-09-20 05:40:30.604086,0.55309730
114178242,2017-09-20T05:26:07.7,0.04483682,2017-09-20 05:26:29.340402,SELL,0.07231746,PARTIAL_FILL,2017-09-20 05:40:30.604086,0.62000000
114178322,2017-09-20T05:26:31.39,0.00107753,2017-09-20 05:27:01.308964,BUY,0.07232000,FILL,2017-09-20 05:40:30.604086,0.01489961
114178356,2017-09-20T05:26:47.7,0.00723200,2017-09-20 05:27:12.182028,SELL,0.07232000,PARTIAL_FILL,2017-09-20 05:40:30.604086,0.10000000
114178346,2017-09-20T05:26:42.077,0.07072896,2017-09-20 05:27:12.182028,SELL,0.07232000,PARTIAL_FILL,2017-09-20 05:40:30.604086,0.97800000
114178344,2017-09-20T05:26:41.64,0.22759598,2017-09-20 05:27:12.182028,BUY,0.07232000,PARTIAL_FILL,2017-09-20 05:40:30.604086,3.14706831
114178395,2017-09-20T05:27:16.547,0.21653530,2017-09-20 05:27:38.460206,BUY,0.07233999,FILL,2017-09-20 05:41:04.947538,2.99330024
114178393,2017-09-20T05:27:16.14,0.00551680,2017-09-20 05:27:38.460206,BUY,0.07233999,FILL,2017-09-20 05:41:04.947538,0.07626219
114178389,2017-09-20T05:27:12.407,0.00157594,2017-09-20 05:27:38.460206,SELL,0.07232000,PARTIAL_FILL,2017-09-20 05:41:01.888673,0.02179121
114178380,2017-09-20T05:27:04.67,0.02892800,2017-09-20 05:27:38.460206,SELL,0.07232000,PARTIAL_FILL,2017-09-20 05:40:30.604086,0.40000000
114178544,2017-09-20T05:27:46.47,0.03644025,2017-09-20 05:27:51.890502,SELL,0.07233977,PARTIAL_FILL,2017-09-20 05:41:04.947538,0.50373749
114178525,2017-09-20T05:27:43.283,0.01852291,2017-09-20 05:27:51.890502,BUY,0.07233999,FILL,2017-09-20 05:41:04.947538,0.25605358
114178507,2017-09-20T05:27:39.407,0.29333275,2017-09-20 05:27:51.890502,BUY,0.07233999,FILL,2017-09-20 05:41:04.947538,4.05491835
114178503,2017-09-20T05:27:38.877,0.03751275,2017-09-20 05:27:51.890502,SELL,0.07232000,PARTIAL_FILL,2017-09-20 05:41:04.947538,0.51870507
114178502,2017-09-20T05:27:38.877,0.06889458,2017-09-20 05:27:51.890502,SELL,0.07233977,FILL,2017-09-20 05:41:04.947538,0.95237501
114178443,2017-09-20T05:27:26.983,0.06855097,2017-09-20 05:27:51.890502,SELL,0.07233977,PARTIAL_FILL,2017-09-20 05:41:04.947538,0.94762499
114178685,2017-09-20T05:28:06.05,0.00592969,2017-09-20 05:28:21.688638,SELL,0.07232000,PARTIAL_FILL,2017-09-20 05:41:04.947538,0.08199240
114178684,2017-09-20T05:28:06.05,0.03662291,2017-09-20 05:28:21.688638,SELL,0.07233977,FILL,2017-09-20 05:41:04.947538,0.50626251
114179079,2017-09-20T05:29:04.333,0.02251750,2017-09-20 05:29:06.643401,BUY,0.07233977,PARTIAL_FILL,2017-09-20 05:41:34.075643,0.31127422
114179038,2017-09-20T05:28:56.02,0.36639211,2017-09-20 05:29:06.643401,SELL,0.07232000,PARTIAL_FILL,2017-09-20 05:41:34.075643,5.06626268
114179037,2017-09-20T05:28:56.02,0.17456268,2017-09-20 05:29:06.643401,SELL,0.07232050,FILL,2017-09-20 05:41:34.075643,2.41373732
114179011,2017-09-20T05:28:52.02,0.02770322,2017-09-20 05:29:06.643401,BUY,0.07233999,FILL,2017-09-20 05:41:20.364851,0.38295870
114178997,2017-09-20T05:28:50.19,0.03751832,2017-09-20 05:29:06.643401,BUY,0.07233999,FILL,2017-09-20 05:41:04.947538,0.51863876
114178990,2017-09-20T05:28:49.347,0.05780586,2017-09-20 05:29:06.643401,BUY,0.07233999,FILL,2017-09-20 05:41:04.947538,0.79908584
114178985,2017-09-20T05:28:48.957,0.02664414,2017-09-20 05:29:06.643401,BUY,0.07233999,FILL,2017-09-20 05:41:04.947538,0.36831834
114178961,2017-09-20T05:28:43.69,3.61587286,2017-09-20 05:29:06.643401,SELL,0.07232000,PARTIAL_FILL,2017-09-20 05:41:04.947538,49.99824203
114178927,2017-09-20T05:28:36.957,0.02669951,2017-09-20 05:29:06.643401,BUY,0.07233999,FILL,2017-09-20 05:41:04.947538,0.36908369
114178923,2017-09-20T05:28:36.47,0.07411616,2017-09-20 05:29:06.643401,SELL,0.07232000,PARTIAL_FILL,2017-09-20 05:41:04.947538,1.02483638
114179172,2017-09-20T05:29:24.52,0.02309031,2017-09-20 05:29:43.374122,SELL,0.07232000,PARTIAL_FILL,2017-09-20 05:42:01.558981,0.31927984
114179171,2017-09-20T05:29:24.52,0.01812532,2017-09-20 05:29:43.374122,SELL,0.07232050,FILL,2017-09-20 05:42:01.558981,0.25062501
114179169,2017-09-20T05:29:23.427,0.01803492,2017-09-20 05:29:43.374122,SELL,0.07232050,PARTIAL_FILL,2017-09-20 05:42:01.558981,0.24937499
114179114,2017-09-20T05:29:11.037,0.00032278,2017-09-20 05:29:43.374122,SELL,0.07233977,FILL,2017-09-20 05:42:01.558981,0.00446208
114179090,2017-09-20T05:29:06.13,0.00215836,2017-09-20 05:29:43.374122,BUY,0.07233999,FILL,2017-09-20 05:41:34.075643,0.02983635
114179192,2017-09-20T05:29:41.427,0.02045614,2017-09-20 05:29:56.950680,BUY,0.07233999,FILL,2017-09-20 05:43:06.066268,0.28277777
114179189,2017-09-20T05:29:39.113,0.00100999,2017-09-20 05:29:56.950680,BUY,0.07233999,FILL,2017-09-20 05:43:06.066268,0.01396180
114179182,2017-09-20T05:29:33.473,0.00099151,2017-09-20 05:29:56.950680,SELL,0.07232000,PARTIAL_FILL,2017-09-20 05:43:06.066268,0.01371008
114179176,2017-09-20T05:29:28.427,0.00257596,2017-09-20 05:29:56.950680,SELL,0.07232000,PARTIAL_FILL,2017-09-20 05:42:35.420529,0.03561905
114179175,2017-09-20T05:29:27.473,0.00515193,2017-09-20 05:29:56.950680,SELL,0.07232000,PARTIAL_FILL,2017-09-20 05:42:35.420529,0.07123810
114179174,2017-09-20T05:29:26.207,0.01030387,2017-09-20 05:29:56.950680,SELL,0.07232000,PARTIAL_FILL,2017-09-20 05:42:35.420529,0.14247621
114179173,2017-09-20T05:29:25.443,0.02060775,2017-09-20 05:29:56.950680,SELL,0.07232000,PARTIAL_FILL,2017-09-20 05:42:01.558981,0.28495242
114179242,2017-09-20T05:30:22.507,0.00643829,2017-09-20 05:30:44.077110,BUY,0.07233997,FILL,2017-09-20 05:43:06.066268,0.08900049
114179228,2017-09-20T05:30:12.913,0.00100999,2017-09-20 05:30:44.077110,BUY,0.07233998,FILL,2017-09-20 05:43:06.066268,0.01396184
114179258,2017-09-20T05:30:39.273,1.16982291,2017-09-20 05:31:04.025796,BUY,0.07233998,PARTIAL_FILL,2017-09-20 05:43:06.066268,16.17118107
114179257,2017-09-20T05:30:39.273,0.10641206,2017-09-20 05:31:04.025796,BUY,0.07233997,PARTIAL_FILL,2017-09-20 05:43:06.066268,1.47099951
114179289,2017-09-20T05:30:51.867,0.15191395,2017-09-20 05:31:16.547116,SELL,0.07233998,PARTIAL_FILL,2017-09-20 05:43:06.066268,2.10000000
114179269,2017-09-20T05:30:46.727,0.00373221,2017-09-20 05:31:16.547116,BUY,0.07233999,FILL,2017-09-20 05:43:06.066268,0.05159276
114179297,2017-09-20T05:30:57.587,0.11574398,2017-09-20 05:31:29.780329,BUY,0.07233999,PARTIAL_FILL,2017-09-20 05:43:37.994751,1.60000000
114179296,2017-09-20T05:30:57.587,0.06653426,2017-09-20 05:31:29.780329,BUY,0.07233999,PARTIAL_FILL,2017-09-20 05:43:37.994751,0.91974387
114179295,2017-09-20T05:30:57.587,0.00168178,2017-09-20 05:31:29.780329,BUY,0.07233999,PARTIAL_FILL,2017-09-20 05:43:37.994751,0.02324830
114179294,2017-09-20T05:30:57.587,0.11437037,2017-09-20 05:31:29.780329,BUY,0.07233999,PARTIAL_FILL,2017-09-20 05:43:37.994751,1.58101175
114179361,2017-09-20T05:31:44.683,0.13909267,2017-09-20 05:31:53.874637,BUY,0.07234000,FILL,2017-09-20 05:43:37.994751,1.92276297
114179358,2017-09-20T05:31:38.807,0.00111947,2017-09-20 05:31:53.874637,BUY,0.07234000,FILL,2017-09-20 05:43:37.994751,0.01547518
114179339,2017-09-20T05:31:26.027,0.00641699,2017-09-20 05:31:53.874637,BUY,0.07234000,FILL,2017-09-20 05:43:37.994751,0.08870600
114179482,2017-09-20T05:32:11.917,0.07262957,2017-09-20 05:32:18.327835,BUY,0.07234000,FILL,2017-09-20 05:43:37.994751,1.00400299
114179403,2017-09-20T05:31:57.01,0.00990917,2017-09-20 05:32:18.327835,BUY,0.07234000,FILL,2017-09-20 05:43:37.994751,0.13698051
114179491,2017-09-20T05:32:24.043,0.14467998,2017-09-20 05:32:50.870229,SELL,0.07233999,FILL,2017-09-20 05:44:04.828746,2.00000000
114179490,2017-09-20T05:32:24.043,0.71449615,2017-09-20 05:32:50.870229,SELL,0.07233999,FILL,2017-09-20 05:44:04.828746,9.87691808
114179508,2017-09-20T05:32:32.62,0.72339990,2017-09-20 05:33:01.304042,BUY,0.07233999,FILL,2017-09-20 05:44:35.200732,10.00000000
114179503,2017-09-20T05:32:30.073,0.43875983,2017-09-20 05:33:01.304042,BUY,0.07233999,FILL,2017-09-20 05:44:04.828746,6.06524594
114179740,2017-09-20T05:33:16.28,0.19137163,2017-09-20 05:33:19.354210,BUY,0.07233999,FILL,2017-09-20 05:44:42.060543,2.64544731
114179844,2017-09-20T05:33:41.39,0.19638481,2017-09-20 05:33:50.424339,BUY,0.07233999,FILL,2017-09-20 05:46:03.981147,2.71474759
114179837,2017-09-20T05:33:38.873,0.00744732,2017-09-20 05:33:50.424339,SELL,0.07232100,PARTIAL_FILL,2017-09-20 05:46:03.981147,0.10297600
114179834,2017-09-20T05:33:37.593,0.00744769,2017-09-20 05:33:50.424339,SELL,0.07232100,PARTIAL_FILL,2017-09-20 05:45:42.147879,0.10298109
114179830,2017-09-20T05:33:36.687,0.00709735,2017-09-20 05:33:50.424339,SELL,0.07232100,PARTIAL_FILL,2017-09-20 05:45:11.399446,0.09813690
114179827,2017-09-20T05:33:36.11,0.00159407,2017-09-20 05:33:50.424339,SELL,0.07233990,FILL,2017-09-20 05:45:11.399446,0.02203587
114179778,2017-09-20T05:33:24.343,0.36356441,2017-09-20 05:33:50.424339,BUY,0.07233999,FILL,2017-09-20 05:45:07.031778,5.02577364
114179772,2017-09-20T05:33:21.17,0.04603859,2017-09-20 05:33:50.424339,BUY,0.07233999,FILL,2017-09-20 05:45:07.031778,0.63641970
114179763,2017-09-20T05:33:19.09,0.21701997,2017-09-20 05:33:50.424339,BUY,0.07233999,FILL,2017-09-20 05:44:42.060543,3.00000000
114179955,2017-09-20T05:34:11.33,0.00708425,2017-09-20 05:34:22.448682,BUY,0.07233999,FILL,2017-09-20 05:46:03.981147,0.09793000
114179925,2017-09-20T05:34:06.843,0.00708425,2017-09-20 05:34:22.448682,BUY,0.07233999,FILL,2017-09-20 05:46:03.981147,0.09793000
114179901,2017-09-20T05:34:03.453,0.01035035,2017-09-20 05:34:22.448682,BUY,0.07233999,FILL,2017-09-20 05:46:03.981147,0.14307936
114179892,2017-09-20T05:34:01.36,0.02905321,2017-09-20 05:34:22.448682,SELL,0.07232100,PARTIAL_FILL,2017-09-20 05:46:03.981147,0.40172579
114179891,2017-09-20T05:34:01.36,0.02012770,2017-09-20 05:34:22.448682,SELL,0.07233049,FILL,2017-09-20 05:46:03.981147,0.27827421
114179885,2017-09-20T05:33:58.407,0.03616999,2017-09-20 05:34:22.448682,BUY,0.07233999,FILL,2017-09-20 05:46:03.981147,0.50000000
114179863,2017-09-20T05:33:49.623,0.03279066,2017-09-20 05:34:22.448682,SELL,0.07232100,PARTIAL_FILL,2017-09-20 05:46:03.981147,0.45340445
114180128,2017-09-20T05:34:36.843,0.01555324,2017-09-20 05:34:52.901032,BUY,0.07233999,FILL,2017-09-20 05:46:03.981147,0.21500209
114180127,2017-09-20T05:34:36.843,0.01773448,2017-09-20 05:34:52.901032,BUY,0.07233990,PARTIAL_FILL,2017-09-20 05:46:03.981147,0.24515490
114180058,2017-09-20T05:34:26.19,0.00072321,2017-09-20 05:34:52.901032,SELL,0.07232100,PARTIAL_FILL,2017-09-20 05:46:03.981147,0.01000000
114180056,2017-09-20T05:34:25.86,0.00072284,2017-09-20 05:34:52.901032,SELL,0.07232100,PARTIAL_FILL,2017-09-20 05:46:03.981147,0.00999500
114180013,2017-09-20T05:34:18.687,0.00708425,2017-09-20 05:34:52.901032,BUY,0.07233999,FILL,2017-09-20 05:46:03.981147,0.09793000
114180257,2017-09-20T05:34:58.957,0.32884698,2017-09-20 05:35:14.814644,BUY,0.07233999,FILL,2017-09-20 05:46:03.981147,4.54585330
114180249,2017-09-20T05:34:56.737,0.00195555,2017-09-20 05:35:14.814644,SELL,0.07232100,PARTIAL_FILL,2017-09-20 05:46:03.981147,0.02703991
114180336,2017-09-20T05:35:10.643,0.01881973,2017-09-20 05:35:34.546674,SELL,0.07232100,PARTIAL_FILL,2017-09-20 05:46:43.184967,0.26022500
114180334,2017-09-20T05:35:10.52,0.03540477,2017-09-20 05:35:34.546674,SELL,0.07232100,PARTIAL_FILL,2017-09-20 05:46:43.184967,0.48955039
114180294,2017-09-20T05:35:04.487,0.00723399,2017-09-20 05:35:34.546674,BUY,0.07233999,FILL,2017-09-20 05:46:43.184967,0.10000000
114180419,2017-09-20T05:35:22.19,0.00051924,2017-09-20 05:35:46.790762,SELL,0.07233049,PARTIAL_FILL,2017-09-20 05:47:18.756076,0.00717879
114180378,2017-09-20T05:35:16.83,0.03544278,2017-09-20 05:35:46.790762,SELL,0.07232100,PARTIAL_FILL,2017-09-20 05:47:18.756076,0.49007600
114180377,2017-09-20T05:35:16.8,0.03164247,2017-09-20 05:35:46.790762,SELL,0.07232100,PARTIAL_FILL,2017-09-20 05:47:18.756076,0.43752811
114180375,2017-09-20T05:35:16.69,0.03544319,2017-09-20 05:35:46.790762,SELL,0.07232100,PARTIAL_FILL,2017-09-20 05:47:18.756076,0.49008170
114180373,2017-09-20T05:35:16.627,0.02646180,2017-09-20 05:35:46.790762,SELL,0.07232100,PARTIAL_FILL,2017-09-20 05:47:18.756076,0.36589374
114180372,2017-09-20T05:35:16.503,0.01452947,2017-09-20 05:35:46.790762,SELL,0.07232100,PARTIAL_FILL,2017-09-20 05:46:43.184967,0.20090252
114180371,2017-09-20T05:35:16.487,0.19396262,2017-09-20 05:35:46.790762,SELL,0.07232100,PARTIAL_FILL,2017-09-20 05:46:43.184967,2.68196827
114180580,2017-09-20T05:35:51.753,1.02695820,2017-09-20 05:36:15.983019,SELL,0.07232100,PARTIAL_FILL,2017-09-20 05:47:49.739251,14.20000000
114180579,2017-09-20T05:35:51.753,0.41946760,2017-09-20 05:36:15.983019,SELL,0.07232200,FILL,2017-09-20 05:47:43.670787,5.80000000
114180455,2017-09-20T05:35:38.27,0.00100999,2017-09-20 05:36:15.983019,BUY,0.07233998,FILL,2017-09-20 05:47:43.670787,0.01396184
114180450,2017-09-20T05:35:37.8,0.32980944,2017-09-20 05:36:15.983019,SELL,0.07232100,PARTIAL_FILL,2017-09-20 05:47:43.670787,4.56035519
114180449,2017-09-20T05:35:37.8,0.03179972,2017-09-20 05:36:15.983019,SELL,0.07233049,FILL,2017-09-20 05:47:43.670787,0.43964481
114180644,2017-09-20T05:36:10.147,0.21242628,2017-09-20 05:36:23.727234,SELL,0.07232100,PARTIAL_FILL,2017-09-20 05:47:49.739251,2.93726969
114180643,2017-09-20T05:36:10.147,0.00498771,2017-09-20 05:36:23.727234,SELL,0.07233998,FILL,2017-09-20 05:47:49.739251,0.06894831
114180608,2017-09-20T05:35:58.88,0.00100999,2017-09-20 05:36:23.727234,BUY,0.07233998,FILL,2017-09-20 05:47:49.739251,0.01396184
114180690,2017-09-20T05:36:31.35,0.00202180,2017-09-20 05:36:57.195901,BUY,0.07233999,FILL,2017-09-20 05:47:49.739251,0.02794865
114180689,2017-09-20T05:36:31.35,0.29340546,2017-09-20 05:36:57.195901,BUY,0.07233999,PARTIAL_FILL,2017-09-20 05:47:49.739251,4.05592345
114180688,2017-09-20T05:36:31.35,0.05760625,2017-09-20 05:36:57.195901,BUY,0.07233998,PARTIAL_FILL,2017-09-20 05:47:49.739251,0.79632661
114180676,2017-09-20T05:36:26.863,0.01473372,2017-09-20 05:36:57.195901,BUY,0.07233998,FILL,2017-09-20 05:47:49.739251,0.20367339
114180672,2017-09-20T05:36:25.38,1.44642000,2017-09-20 05:36:57.195901,SELL,0.07232100,PARTIAL_FILL,2017-09-20 05:47:49.739251,20.00000000
114180780,2017-09-20T05:37:06.053,0.70362753,2017-09-20 05:37:36.873290,BUY,0.07233999,FILL,2017-09-20 05:48:15.680745,9.72667444
114180779,2017-09-20T05:37:06.053,0.07233999,2017-09-20 05:37:36.873290,BUY,0.07233999,PARTIAL_FILL,2017-09-20 05:48:15.680745,1.00000000
114180778,2017-09-20T05:37:06.053,0.07612048,2017-09-20 05:37:36.873290,BUY,0.07233999,PARTIAL_FILL,2017-09-20 05:48:15.680745,1.05226016
114180777,2017-09-20T05:37:06.053,0.00153384,2017-09-20 05:37:36.873290,BUY,0.07233999,PARTIAL_FILL,2017-09-20 05:47:49.739251,0.02120323
114180776,2017-09-20T05:37:06.053,0.29543470,2017-09-20 05:37:36.873290,BUY,0.07233998,PARTIAL_FILL,2017-09-20 05:47:49.739251,4.08397549
114180774,2017-09-20T05:37:05.443,0.01878108,2017-09-20 05:37:36.873290,SELL,0.07232101,PARTIAL_FILL,2017-09-20 05:47:49.739251,0.25969056
114180795,2017-09-20T05:37:16.837,0.03462802,2017-09-20 05:37:41.683588,BUY,0.07233999,FILL,2017-09-20 05:48:15.680745,0.47868444
114180791,2017-09-20T05:37:15.087,0.99750514,2017-09-20 05:37:41.683588,SELL,0.07232101,FILL,2017-09-20 05:48:15.680745,13.79274359
114180790,2017-09-20T05:37:15.087,0.19854355,2017-09-20 05:37:41.683588,SELL,0.07232101,FILL,2017-09-20 05:48:15.680745,2.74530944
114180841,2017-09-20T05:37:49.9,0.03609309,2017-09-20 05:37:55.546708,BUY,0.07232100,FILL,2017-09-20 05:49:24.726386,0.49906792
114180837,2017-09-20T05:37:46.18,0.00393240,2017-09-20 05:37:55.546708,SELL,0.07232100,FILL,2017-09-20 05:49:24.726386,0.05437431
114180836,2017-09-20T05:37:46.18,0.10972500,2017-09-20 05:37:55.546708,SELL,0.07232100,FILL,2017-09-20 05:49:18.649329,1.51719418
114180835,2017-09-20T05:37:46.18,0.10428429,2017-09-20 05:37:55.546708,SELL,0.07232100,FILL,2017-09-20 05:49:18.649329,1.44196425
114180834,2017-09-20T05:37:46.18,0.01271163,2017-09-20 05:37:55.546708,SELL,0.07233045,FILL,2017-09-20 05:48:44.714416,0.17574388
114180823,2017-09-20T05:37:39.633,0.78539036,2017-09-20 05:37:55.546708,SELL,0.07232100,PARTIAL_FILL,2017-09-20 05:48:44.714416,10.85978300
114180821,2017-09-20T05:37:38.913,0.79320154,2017-09-20 05:37:55.546708,SELL,0.07232100,PARTIAL_FILL,2017-09-20 05:48:44.714416,10.96779000
114180820,2017-09-20T05:37:38.18,0.44666100,2017-09-20 05:37:55.546708,SELL,0.07232100,PARTIAL_FILL,2017-09-20 05:48:15.680745,6.17609000
114180819,2017-09-20T05:37:36.477,0.07159779,2017-09-20 05:37:55.546708,SELL,0.07232100,PARTIAL_FILL,2017-09-20 05:48:15.680745,0.99000000
114180816,2017-09-20T05:37:35.303,0.38719904,2017-09-20 05:37:55.546708,SELL,0.07232100,PARTIAL_FILL,2017-09-20 05:48:15.680745,5.35389500
114180813,2017-09-20T05:37:33.633,1.14920730,2017-09-20 05:37:55.546708,SELL,0.07232100,PARTIAL_FILL,2017-09-20 05:48:15.680745,15.89036800
114180801,2017-09-20T05:37:25.57,0.01271623,2017-09-20 05:37:55.546708,BUY,0.07233990,FILL,2017-09-20 05:48:15.680745,0.17578451
114181015,2017-09-20T05:38:23.307,0.01072574,2017-09-20 05:38:33.238381,SELL,0.07232000,PARTIAL_FILL,2017-09-20 05:51:55.659824,0.14830946
114181011,2017-09-20T05:38:22.963,0.06596523,2017-09-20 05:38:33.238381,SELL,0.07232000,PARTIAL_FILL,2017-09-20 05:51:27.573210,0.91212990
114181008,2017-09-20T05:38:22.557,0.02452501,2017-09-20 05:38:33.238381,SELL,0.07232000,PARTIAL_FILL,2017-09-20 05:51:27.573210,0.33911806
114181007,2017-09-20T05:38:22.43,0.02892460,2017-09-20 05:38:33.238381,SELL,0.07232000,PARTIAL_FILL,2017-09-20 05:51:27.573210,0.39995299
114181006,2017-09-20T05:38:22.417,0.06968969,2017-09-20 05:38:33.238381,SELL,0.07232000,PARTIAL_FILL,2017-09-20 05:50:47.626078,0.96362970
114181001,2017-09-20T05:38:21.323,0.06854767,2017-09-20 05:38:33.238381,SELL,0.07232000,PARTIAL_FILL,2017-09-20 05:50:47.626078,0.94783845
114180998,2017-09-20T05:38:21.197,0.03320740,2017-09-20 05:38:33.238381,SELL,0.07232000,PARTIAL_FILL,2017-09-20 05:50:47.626078,0.45917321
114180962,2017-09-20T05:38:13.68,0.01296057,2017-09-20 05:38:33.238381,SELL,0.07232000,PARTIAL_FILL,2017-09-20 05:50:25.586650,0.17921147
114180957,2017-09-20T05:38:12.9,0.16351552,2017-09-20 05:38:33.238381,SELL,0.07232000,PARTIAL_FILL,2017-09-20 05:50:25.586650,2.26100000
114180953,2017-09-20T05:38:11.87,0.24993893,2017-09-20 05:38:33.238381,SELL,0.07232000,PARTIAL_FILL,2017-09-20 05:49:51.076980,3.45601400
114180929,2017-09-20T05:38:06.667,1.46475601,2017-09-20 05:38:33.238381,BUY,0.07233999,FILL,2017-09-20 05:49:51.076980,20.24821978
114180928,2017-09-20T05:38:06.667,0.03740876,2017-09-20 05:38:33.238381,BUY,0.07233990,PARTIAL_FILL,2017-09-20 05:49:51.076980,0.51712494
114180927,2017-09-20T05:38:06.667,0.13960593,2017-09-20 05:38:33.238381,BUY,0.07232100,PARTIAL_FILL,2017-09-20 05:49:51.076980,1.93036514
114180922,2017-09-20T05:38:06.04,0.00099999,2017-09-20 05:38:33.238381,BUY,0.07232100,FILL,2017-09-20 05:49:51.076980,0.01382724
114180887,2017-09-20T05:38:00.07,0.00199897,2017-09-20 05:38:33.238381,BUY,0.07232100,FILL,2017-09-20 05:49:51.076980,0.02764038
114180870,2017-09-20T05:37:57.243,0.00251841,2017-09-20 05:38:33.238381,BUY,0.07232100,FILL,2017-09-20 05:49:51.076980,0.03482270
114180866,2017-09-20T05:37:56.807,1.64752184,2017-09-20 05:38:33.238381,SELL,0.07232000,PARTIAL_FILL,2017-09-20 05:49:51.076980,22.78099900
114180862,2017-09-20T05:37:56.167,0.00904665,2017-09-20 05:38:33.238381,SELL,0.07232000,PARTIAL_FILL,2017-09-20 05:49:24.726386,0.12509200
114181100,2017-09-20T05:38:47.073,0.05749359,2017-09-20 05:38:59.200532,SELL,0.07232000,PARTIAL_FILL,2017-09-20 05:52:03.067036,0.79498893
114181099,2017-09-20T05:38:43.963,0.03848487,2017-09-20 05:38:59.200532,SELL,0.07232000,PARTIAL_FILL,2017-09-20 05:52:03.067036,0.53214700
114181096,2017-09-20T05:38:41.213,0.00780815,2017-09-20 05:38:59.200532,SELL,0.07232000,PARTIAL_FILL,2017-09-20 05:52:03.067036,0.10796669
114181095,2017-09-20T05:38:40.853,0.01840242,2017-09-20 05:38:59.200532,SELL,0.07232000,PARTIAL_FILL,2017-09-20 05:52:03.067036,0.25445836
114181094,2017-09-20T05:38:40.73,0.02459806,2017-09-20 05:38:59.200532,SELL,0.07232000,PARTIAL_FILL,2017-09-20 05:52:03.067036,0.34012813
114181063,2017-09-20T05:38:32.12,0.00712317,2017-09-20 05:38:59.200532,SELL,0.07232000,PARTIAL_FILL,2017-09-20 05:52:03.067036,0.09849528
114181058,2017-09-20T05:38:31.59,0.00102759,2017-09-20 05:38:59.200532,SELL,0.07232000,PARTIAL_FILL,2017-09-20 05:52:03.067036,0.01420900
114181056,2017-09-20T05:38:31.447,0.63739727,2017-09-20 05:38:59.200532,BUY,0.07232390,FILL,2017-09-20 05:52:03.067036,8.81309325
114181033,2017-09-20T05:38:26.947,0.07232000,2017-09-20 05:38:59.200532,SELL,0.07232000,PARTIAL_FILL,2017-09-20 05:51:55.659824,1.00000000
114181193,2017-09-20T05:39:28.357,0.07957398,2017-09-20 05:39:31.064310,BUY,0.07233999,FILL,2017-09-20 05:53:30.042703,1.10000000
114181189,2017-09-20T05:39:27.183,0.03036903,2017-09-20 05:39:31.064310,SELL,0.07232000,PARTIAL_FILL,2017-09-20 05:53:30.042703,0.41992575
114181188,2017-09-20T05:39:27.183,0.61334223,2017-09-20 05:39:31.064310,SELL,0.07232746,FILL,2017-09-20 05:53:30.042703,8.48007425
114181187,2017-09-20T05:39:27.183,0.07956020,2017-09-20 05:39:31.064310,SELL,0.07232746,FILL,2017-09-20 05:52:59.851617,1.10000000
114181182,2017-09-20T05:39:22.933,0.07957398,2017-09-20 05:39:31.064310,BUY,0.07233999,FILL,2017-09-20 05:52:59.851617,1.10000000
114181170,2017-09-20T05:39:15.37,0.01443507,2017-09-20 05:39:31.064310,SELL,0.07232000,PARTIAL_FILL,2017-09-20 05:52:59.851617,0.19960000
114181168,2017-09-20T05:39:13.073,0.00494005,2017-09-20 05:39:31.064310,SELL,0.07232000,PARTIAL_FILL,2017-09-20 05:52:59.851617,0.06830828
114181167,2017-09-20T05:39:12.933,0.03915647,2017-09-20 05:39:31.064310,SELL,0.07232000,PARTIAL_FILL,2017-09-20 05:52:59.851617,0.54143359
114181165,2017-09-20T05:39:12.573,0.00889381,2017-09-20 05:39:31.064310,SELL,0.07232000,PARTIAL_FILL,2017-09-20 05:52:59.851617,0.12297866
114181162,2017-09-20T05:39:11.997,0.00723399,2017-09-20 05:39:31.064310,BUY,0.07233999,FILL,2017-09-20 05:52:59.851617,0.10000000
114181161,2017-09-20T05:39:11.997,0.07232390,2017-09-20 05:39:31.064310,BUY,0.07232390,PARTIAL_FILL,2017-09-20 05:52:59.851617,1.00000000
114181156,2017-09-20T05:39:09.667,2.89264980,2017-09-20 05:39:31.064310,SELL,0.07232000,PARTIAL_FILL,2017-09-20 05:52:59.851617,39.99792323
114181155,2017-09-20T05:39:09.37,0.00100959,2017-09-20 05:39:31.064310,BUY,0.07233999,FILL,2017-09-20 05:52:59.851617,0.01395630
114181152,2017-09-20T05:39:08.747,0.18714598,2017-09-20 05:39:31.064310,BUY,0.07233999,FILL,2017-09-20 05:52:59.851617,2.58703362
114181151,2017-09-20T05:39:08.747,0.29776085,2017-09-20 05:39:31.064310,BUY,0.07232390,PARTIAL_FILL,2017-09-20 05:52:59.851617,4.11704644
114181143,2017-09-20T05:39:07.213,0.03244369,2017-09-20 05:39:31.064310,SELL,0.07232000,PARTIAL_FILL,2017-09-20 05:52:59.851617,0.44861300
114181142,2017-09-20T05:39:07.2,0.00211479,2017-09-20 05:39:31.064310,SELL,0.07232000,PARTIAL_FILL,2017-09-20 05:52:34.781877,0.02924218
114181138,2017-09-20T05:39:05.107,0.10848585,2017-09-20 05:39:31.064310,BUY,0.07232390,FILL,2017-09-20 05:52:34.781877,1.50000000
114181136,2017-09-20T05:39:05.027,0.09401600,2017-09-20 05:39:31.064310,SELL,0.07232000,PARTIAL_FILL,2017-09-20 05:52:34.781877,1.30000000
114181130,2017-09-20T05:39:01.573,0.01615397,2017-09-20 05:39:31.064310,BUY,0.07232390,FILL,2017-09-20 05:52:34.781877,0.22335600
114181127,2017-09-20T05:39:00.997,0.15284650,2017-09-20 05:39:31.064310,BUY,0.07232390,FILL,2017-09-20 05:52:34.781877,2.11336100
114181120,2017-09-20T05:38:57.9,0.72320000,2017-09-20 05:39:31.064310,SELL,0.07232000,PARTIAL_FILL,2017-09-20 05:52:03.067036,10.00000000
114181236,2017-09-20T05:39:59.327,0.70433999,2017-09-20 05:40:09.569351,SELL,0.07232000,PARTIAL_FILL,2017-09-20 05:55:32.930796,9.73921452
114181235,2017-09-20T05:39:59.327,0.01886261,2017-09-20 05:40:09.569351,SELL,0.07232999,FILL,2017-09-20 05:54:58.101181,0.26078548
114181231,2017-09-20T05:39:55.153,0.07957398,2017-09-20 05:40:09.569351,BUY,0.07233999,FILL,2017-09-20 05:54:58.101181,1.10000000
114181229,2017-09-20T05:39:52.543,0.22949314,2017-09-20 05:40:09.569351,SELL,0.07232000,PARTIAL_FILL,2017-09-20 05:54:58.101181,3.17330128
114181228,2017-09-20T05:39:51.437,0.00061194,2017-09-20 05:40:09.569351,SELL,0.07232000,PARTIAL_FILL,2017-09-20 05:54:58.101181,0.00846157
114181227,2017-09-20T05:39:50.577,0.00707840,2017-09-20 05:40:09.569351,BUY,0.07233999,FILL,2017-09-20 05:54:58.101181,0.09784919
114181223,2017-09-20T05:39:49.73,0.07957398,2017-09-20 05:40:09.569351,BUY,0.07233999,FILL,2017-09-20 05:54:58.101181,1.10000000
114181221,2017-09-20T05:39:46.48,0.64883671,2017-09-20 05:40:09.569351,BUY,0.07233999,FILL,2017-09-20 05:54:58.101181,8.96926737
114181220,2017-09-20T05:39:46.48,0.01218569,2017-09-20 05:40:09.569351,BUY,0.07233998,PARTIAL_FILL,2017-09-20 05:54:58.101181,0.16845036
114181218,2017-09-20T05:39:44.577,0.00615225,2017-09-20 05:40:09.569351,BUY,0.07233998,FILL,2017-09-20 05:54:58.101181,0.08504636
114181217,2017-09-20T05:39:44.577,0.00059921,2017-09-20 05:40:09.569351,BUY,0.07233998,PARTIAL_FILL,2017-09-20 05:54:58.101181,0.00828335
114181214,2017-09-20T05:39:44.42,0.00375055,2017-09-20 05:40:09.569351,SELL,0.07232000,PARTIAL_FILL,2017-09-20 05:54:58.101181,0.05186052
114181209,2017-09-20T05:39:40.09,0.07957397,2017-09-20 05:40:09.569351,SELL,0.07233998,FILL,2017-09-20 05:54:58.101181,1.10000000
114181208,2017-09-20T05:39:39.23,0.07957398,2017-09-20 05:40:09.569351,BUY,0.07233999,FILL,2017-09-20 05:54:10.018392,1.10000000
114181197,2017-09-20T05:39:30.637,0.03989999,2017-09-20 05:40:09.569351,BUY,0.07233998,FILL,2017-09-20 05:54:10.018392,0.55156214
114181195,2017-09-20T05:39:30.263,0.03990071,2017-09-20 05:40:09.569351,BUY,0.07233998,FILL,2017-09-20 05:54:10.018392,0.55157215
114181274,2017-09-20T05:40:29.937,0.19927497,2017-09-20 05:40:32.092057,BUY,0.07233999,FILL,2017-09-20 05:56:06.847615,2.75470000
114181272,2017-09-20T05:40:28.827,0.07957398,2017-09-20 05:40:32.092057,BUY,0.07233999,FILL,2017-09-20 05:55:37.287105,1.10000000
114181270,2017-09-20T05:40:28.64,0.01296057,2017-09-20 05:40:32.092057,SELL,0.07232000,PARTIAL_FILL,2017-09-20 05:55:37.287105,0.17921147
114181268,2017-09-20T05:40:24.593,0.01296057,2017-09-20 05:40:32.092057,SELL,0.07232000,PARTIAL_FILL,2017-09-20 05:55:37.287105,0.17921147
114181267,2017-09-20T05:40:23.42,0.07957398,2017-09-20 05:40:32.092057,BUY,0.07233999,FILL,2017-09-20 05:55:37.287105,1.10000000
114181263,2017-09-20T05:40:21.013,0.02321472,2017-09-20 05:40:32.092057,SELL,0.07232000,PARTIAL_FILL,2017-09-20 05:55:37.287105,0.32100000
114181262,2017-09-20T05:40:18.013,0.00723399,2017-09-20 05:40:32.092057,BUY,0.07233999,FILL,2017-09-20 05:55:32.930796,0.10000000
114181261,2017-09-20T05:40:18.013,0.07233998,2017-09-20 05:40:32.092057,BUY,0.07233998,PARTIAL_FILL,2017-09-20 05:55:32.930796,1.00000000
114181259,2017-09-20T05:40:17.093,0.02568119,2017-09-20 05:40:32.092057,SELL,0.07232000,PARTIAL_FILL,2017-09-20 05:55:32.930796,0.35510505
114181258,2017-09-20T05:40:15.153,0.72320000,2017-09-20 05:40:32.092057,SELL,0.07232000,PARTIAL_FILL,2017-09-20 05:55:32.930796,10.00000000
114181257,2017-09-20T05:40:12.547,0.07957398,2017-09-20 05:40:32.092057,BUY,0.07233999,FILL,2017-09-20 05:55:32.930796,1.10000000
114181251,2017-09-20T05:40:07.217,0.03315693,2017-09-20 05:40:32.092057,SELL,0.07232000,PARTIAL_FILL,2017-09-20 05:55:32.930796,0.45847534
114181250,2017-09-20T05:40:07.187,0.07232000,2017-09-20 05:40:32.092057,SELL,0.07232000,PARTIAL_FILL,2017-09-20 05:55:32.930796,1.00000000
114181249,2017-09-20T05:40:07.153,0.07957398,2017-09-20 05:40:32.092057,BUY,0.07233999,FILL,2017-09-20 05:55:32.930796,1.10000000
114181241,2017-09-20T05:40:01.793,0.07233999,2017-09-20 05:40:32.092057,BUY,0.07233999,FILL,2017-09-20 05:55:32.930796,1.00000000
114181239,2017-09-20T05:40:00.733,0.07957398,2017-09-20 05:40:32.092057,BUY,0.07233999,FILL,2017-09-20 05:55:32.930796,1.10000000
114181275,2017-09-20T05:40:31.873,0.01296057,2017-09-20 05:41:03.319239,SELL,0.07232000,PARTIAL_FILL,2017-09-20 05:56:06.847615,0.17921147
114181390,2017-09-20T05:40:58.063,0.16987097,2017-09-20 05:41:06.868856,SELL,0.07232000,PARTIAL_FILL,2017-09-20 05:57:37.052691,2.34887963
114181380,2017-09-20T05:40:56.89,0.33701773,2017-09-20 05:41:06.868856,BUY,0.07233999,FILL,2017-09-20 05:57:37.052691,4.65880261
114181376,2017-09-20T05:40:56.797,0.07007378,2017-09-20 05:41:06.868856,SELL,0.07232000,PARTIAL_FILL,2017-09-20 05:57:37.052691,0.96894061
114181368,2017-09-20T05:40:55.517,0.03490347,2017-09-20 05:41:06.868856,SELL,0.07232000,PARTIAL_FILL,2017-09-20 05:57:37.052691,0.48262553
114181366,2017-09-20T05:40:55.313,0.00101000,2017-09-20 05:41:06.868856,SELL,0.07232000,PARTIAL_FILL,2017-09-20 05:57:37.052691,0.01396572
114181345,2017-09-20T05:40:52.58,0.11156868,2017-09-20 05:41:06.868856,BUY,0.07233999,FILL,2017-09-20 05:57:37.052691,1.54228234
114181341,2017-09-20T05:40:51.97,0.01178114,2017-09-20 05:41:06.868856,SELL,0.07232000,PARTIAL_FILL,2017-09-20 05:57:37.052691,0.16290302
114181340,2017-09-20T05:40:51.97,0.00531888,2017-09-20 05:41:06.868856,SELL,0.07232746,FILL,2017-09-20 05:56:58.157236,0.07353892
114181308,2017-09-20T05:40:45.11,0.07957398,2017-09-20 05:41:06.868856,BUY,0.07233999,FILL,2017-09-20 05:56:58.157236,1.10000000
114181296,2017-09-20T05:40:42.937,0.01296191,2017-09-20 05:41:06.868856,SELL,0.07232746,PARTIAL_FILL,2017-09-20 05:56:37.182367,0.17921147
114181287,2017-09-20T05:40:39.437,0.07957398,2017-09-20 05:41:06.868856,BUY,0.07233999,FILL,2017-09-20 05:56:37.182367,1.10000000
114181285,2017-09-20T05:40:39.343,0.01296057,2017-09-20 05:41:06.868856,SELL,0.07232000,PARTIAL_FILL,2017-09-20 05:56:37.182367,0.17921147
114181284,2017-09-20T05:40:37.17,0.49678505,2017-09-20 05:41:06.868856,SELL,0.07232000,PARTIAL_FILL,2017-09-20 05:56:37.182367,6.86926236
114181283,2017-09-20T05:40:36.983,0.00445997,2017-09-20 05:41:06.868856,SELL,0.07232000,PARTIAL_FILL,2017-09-20 05:56:37.182367,0.06167000
114181282,2017-09-20T05:40:36.67,0.01296057,2017-09-20 05:41:06.868856,SELL,0.07232000,PARTIAL_FILL,2017-09-20 05:56:37.182367,0.17921147
114181279,2017-09-20T05:40:34.28,0.07957398,2017-09-20 05:41:06.868856,BUY,0.07233999,FILL,2017-09-20 05:56:33.785980,1.10000000
114181418,2017-09-20T05:41:01.377,0.01449671,2017-09-20 05:41:32.599143,BUY,0.07233999,FILL,2017-09-20 05:57:37.052691,0.20039700
114181551,2017-09-20T05:41:16.673,0.12770335,2017-09-20 05:41:35.592426,BUY,0.07233999,FILL,2017-09-20 05:57:37.052691,1.76532173
114181493,2017-09-20T05:41:09.75,0.07957398,2017-09-20 05:41:35.592426,BUY,0.07233999,FILL,2017-09-20 05:57:37.052691,1.10000000
114181471,2017-09-20T05:41:07.22,0.72320000,2017-09-20 05:41:35.592426,SELL,0.07232000,PARTIAL_FILL,2017-09-20 05:57:37.052691,10.00000000
114181440,2017-09-20T05:41:03.97,0.01296529,2017-09-20 05:41:35.592426,SELL,0.07232000,PARTIAL_FILL,2017-09-20 05:57:37.052691,0.17927682
114181712,2017-09-20T05:41:40.94,0.01296529,2017-09-20 05:42:14.651354,SELL,0.07232000,PARTIAL_FILL,2017-09-20 05:58:05.084862,0.17927673
114181702,2017-09-20T05:41:36.673,0.00512329,2017-09-20 05:42:14.651354,SELL,0.07232000,PARTIAL_FILL,2017-09-20 05:58:05.084862,0.07084197
114181701,2017-09-20T05:41:36.673,0.00399515,2017-09-20 05:42:14.651354,SELL,0.07232000,FILL,2017-09-20 05:58:05.084862,0.05524277
114181700,2017-09-20T05:41:36.673,0.00167387,2017-09-20 05:42:14.651354,SELL,0.07232000,FILL,2017-09-20 05:57:37.052691,0.02314539
114181699,2017-09-20T05:41:36.673,0.10572754,2017-09-20 05:42:14.651354,SELL,0.07232000,FILL,2017-09-20 05:57:37.052691,1.46194058
114181748,2017-09-20T05:42:15.363,0.00707884,2017-09-20 05:42:36.952257,SELL,0.07232000,PARTIAL_FILL,2017-09-20 05:58:05.084862,0.09788223
114181747,2017-09-20T05:42:15.363,0.00589115,2017-09-20 05:42:36.952257,SELL,0.07232999,FILL,2017-09-20 05:58:05.084862,0.08144829
114181734,2017-09-20T05:42:12.02,0.01297097,2017-09-20 05:42:36.952257,SELL,0.07232999,PARTIAL_FILL,2017-09-20 05:58:05.084862,0.17933052
114181968,2017-09-20T05:43:06.067,0.06338483,2017-09-20 05:43:07.574816,SELL,0.07232000,PARTIAL_FILL,2017-09-20 05:58:29.508091,0.87644960
114181967,2017-09-20T05:43:06.067,0.00721795,2017-09-20 05:43:07.574816,SELL,0.07232999,FILL,2017-09-20 05:58:29.508091,0.09979197
114181924,2017-09-20T05:42:59.613,0.03665591,2017-09-20 05:43:07.574816,SELL,0.07232999,PARTIAL_FILL,2017-09-20 05:58:29.508091,0.50678722
114181821,2017-09-20T05:42:38.16,0.01429112,2017-09-20 05:43:07.574816,SELL,0.07232999,PARTIAL_FILL,2017-09-20 05:58:05.084862,0.19758231
114181806,2017-09-20T05:42:35.44,0.25386696,2017-09-20 05:43:07.574816,BUY,0.07234000,FILL,2017-09-20 05:58:05.084862,3.50935807
114181805,2017-09-20T05:42:35.44,0.00517111,2017-09-20 05:43:07.574816,BUY,0.07234000,PARTIAL_FILL,2017-09-20 05:58:05.084862,0.07148352
114181804,2017-09-20T05:42:35.44,0.02265432,2017-09-20 05:43:07.574816,BUY,0.07234000,PARTIAL_FILL,2017-09-20 05:58:05.084862,0.31316459
114181803,2017-09-20T05:42:35.44,0.01309353,2017-09-20 05:43:07.574816,BUY,0.07233999,PARTIAL_FILL,2017-09-20 05:58:05.084862,0.18100000
114181802,2017-09-20T05:42:35.44,0.07233998,2017-09-20 05:43:07.574816,BUY,0.07233998,PARTIAL_FILL,2017-09-20 05:58:05.084862,1.00000000
114182134,2017-09-20T05:43:22.867,0.03555253,2017-09-20 05:43:39.587566,SELL,0.07232000,PARTIAL_FILL,2017-09-20 05:58:29.508091,0.49160028
114182038,2017-09-20T05:43:12.973,4.19744256,2017-09-20 05:43:39.587566,BUY,0.07249993,FILL,2017-09-20 05:58:29.508091,57.89581546
114182037,2017-09-20T05:43:12.973,0.01490923,2017-09-20 05:43:39.587566,BUY,0.07245000,PARTIAL_FILL,2017-09-20 05:58:29.508091,0.20578660
114182036,2017-09-20T05:43:12.973,0.00215001,2017-09-20 05:43:39.587566,BUY,0.07241000,PARTIAL_FILL,2017-09-20 05:58:29.508091,0.02969230
114182035,2017-09-20T05:43:12.973,0.24336683,2017-09-20 05:43:39.587566,BUY,0.07234000,PARTIAL_FILL,2017-09-20 05:58:29.508091,3.36420846
114182034,2017-09-20T05:43:12.973,0.07081142,2017-09-20 05:43:39.587566,BUY,0.07234000,PARTIAL_FILL,2017-09-20 05:58:29.508091,0.97886952
114182027,2017-09-20T05:43:12.35,0.00397945,2017-09-20 05:43:39.587566,BUY,0.07234000,FILL,2017-09-20 05:58:29.508091,0.05501048
114182009,2017-09-20T05:43:10.38,0.00397945,2017-09-20 05:43:39.587566,BUY,0.07234000,FILL,2017-09-20 05:58:29.508091,0.05501048
114181974,2017-09-20T05:43:06.537,0.39076269,2017-09-20 05:43:39.587566,BUY,0.07234000,FILL,2017-09-20 05:58:29.508091,5.40175145
114182404,2017-09-20T05:44:03.803,0.07453801,2017-09-20 05:44:15.897382,SELL,0.07234000,PARTIAL_FILL,2017-09-20 05:58:29.508091,1.03038451
114182367,2017-09-20T05:43:44.57,0.50604590,2017-09-20 05:44:15.897382,SELL,0.07234000,PARTIAL_FILL,2017-09-20 05:58:29.508091,6.99538156
114182293,2017-09-20T05:43:36.88,0.15277923,2017-09-20 05:44:15.897382,BUY,0.07249989,FILL,2017-09-20 05:58:29.508091,2.10730300
114182408,2017-09-20T05:44:08.74,0.17350359,2017-09-20 05:44:37.571105,BUY,0.07249970,FILL,2017-09-20 05:58:29.508091,2.39316300
114182415,2017-09-20T05:44:20.57,0.17886370,2017-09-20 05:44:43.580795,BUY,0.07249896,FILL,2017-09-20 05:58:29.508091,2.46712092
114182410,2017-09-20T05:44:15.663,0.00681721,2017-09-20 05:44:43.580795,SELL,0.07234000,PARTIAL_FILL,2017-09-20 05:58:29.508091,0.09423858
114182452,2017-09-20T05:44:39.9,0.14468000,2017-09-20 05:45:08.589130,SELL,0.07234000,PARTIAL_FILL,2017-09-20 05:59:10.944415,2.00000000
114182438,2017-09-20T05:44:37.68,0.09138942,2017-09-20 05:45:08.589130,SELL,0.07234000,PARTIAL_FILL,2017-09-20 05:58:29.508091,1.26333183
114182455,2017-09-20T05:44:40.9,0.07187920,2017-09-20 05:45:13.200030,SELL,0.07232000,PARTIAL_FILL,2017-09-20 05:59:10.944415,0.99390494
114182454,2017-09-20T05:44:40.9,0.17402943,2017-09-20 05:45:13.200030,SELL,0.07234000,FILL,2017-09-20 05:59:10.944415,2.40571522
114182541,2017-09-20T05:45:15.29,0.00060428,2017-09-20 05:45:43.927297,BUY,0.07249898,FILL,2017-09-20 05:59:10.944415,0.00833508
114182618,2017-09-20T05:46:03.7,0.07302971,2017-09-20 05:46:15.050666,SELL,0.07239001,PARTIAL_FILL,2017-09-20 06:00:12.762940,1.00883686
114182610,2017-09-20T05:45:57.62,0.03703145,2017-09-20 05:46:15.050666,SELL,0.07239001,PARTIAL_FILL,2017-09-20 06:00:12.762940,0.51155472
114182609,2017-09-20T05:45:56.98,0.01534891,2017-09-20 05:46:15.050666,SELL,0.07239001,PARTIAL_FILL,2017-09-20 06:00:12.762940,0.21203087
114182607,2017-09-20T05:45:56.213,0.02705117,2017-09-20 05:46:15.050666,SELL,0.07239001,PARTIAL_FILL,2017-09-20 06:00:12.762940,0.37368664
114182605,2017-09-20T05:45:56.167,0.14186887,2017-09-20 05:46:15.050666,SELL,0.07239001,PARTIAL_FILL,2017-09-20 06:00:12.762940,1.95978527
114182604,2017-09-20T05:45:55.59,0.01548349,2017-09-20 05:46:15.050666,SELL,0.07239001,PARTIAL_FILL,2017-09-20 06:00:12.762940,0.21388992
114182603,2017-09-20T05:45:54.997,0.00949762,2017-09-20 05:46:15.050666,SELL,0.07239001,PARTIAL_FILL,2017-09-20 06:00:12.762940,0.13120081
114182602,2017-09-20T05:45:54.887,0.29053849,2017-09-20 05:46:15.050666,SELL,0.07239001,PARTIAL_FILL,2017-09-20 06:00:12.762940,4.01351647
114182600,2017-09-20T05:45:53.73,0.04758056,2017-09-20 05:46:15.050666,SELL,0.07239001,PARTIAL_FILL,2017-09-20 06:00:12.762940,0.65728081
114182599,2017-09-20T05:45:53.45,0.00637850,2017-09-20 05:46:15.050666,SELL,0.07239001,PARTIAL_FILL,2017-09-20 06:00:12.762940,0.08811308
114182596,2017-09-20T05:45:51.09,0.00868680,2017-09-20 05:46:15.050666,SELL,0.07239001,PARTIAL_FILL,2017-09-20 05:59:41.963579,0.12000000
114182595,2017-09-20T05:45:50.31,0.12696394,2017-09-20 05:46:15.050666,SELL,0.07239001,PARTIAL_FILL,2017-09-20 05:59:41.963579,1.75388768
114182594,2017-09-20T05:45:50.31,0.09775933,2017-09-20 05:46:15.050666,SELL,0.07249898,FILL,2017-09-20 05:59:41.963579,1.34842358
114182593,2017-09-20T05:45:49.137,0.07503644,2017-09-20 05:46:15.050666,SELL,0.07249898,PARTIAL_FILL,2017-09-20 05:59:41.963579,1.03500000
114182591,2017-09-20T05:45:48.01,0.01689874,2017-09-20 05:46:15.050666,SELL,0.07249898,PARTIAL_FILL,2017-09-20 05:59:41.963579,0.23308944
114182590,2017-09-20T05:45:47.027,0.00972366,2017-09-20 05:46:15.050666,BUY,0.07249898,PARTIAL_FILL,2017-09-20 05:59:41.963579,0.13412147
114182701,2017-09-20T05:46:29.92,0.00793539,2017-09-20 05:46:55.341539,SELL,0.07239001,PARTIAL_FILL,2017-09-20 06:00:36.751238,0.10962000
114182642,2017-09-20T05:46:18.247,0.00125327,2017-09-20 05:46:55.341539,SELL,0.07239001,PARTIAL_FILL,2017-09-20 06:00:36.751238,0.01731279
114182641,2017-09-20T05:46:18.247,0.13233174,2017-09-20 05:46:55.341539,SELL,0.07249898,FILL,2017-09-20 06:00:36.751238,1.82529108
114182640,2017-09-20T05:46:18.247,0.06001060,2017-09-20 05:46:55.341539,SELL,0.07249898,FILL,2017-09-20 06:00:12.762940,0.82774416
114182632,2017-09-20T05:46:16.42,0.22636238,2017-09-20 05:46:55.341539,BUY,0.07249899,FILL,2017-09-20 06:00:12.762940,3.12228330
114182793,2017-09-20T05:47:12.827,0.00162760,2017-09-20 05:47:20.305079,BUY,0.07249899,FILL,2017-09-20 06:00:36.751238,0.02245010
114182787,2017-09-20T05:47:08.407,0.04730857,2017-09-20 05:47:20.305079,BUY,0.07249899,FILL,2017-09-20 06:00:36.751238,0.65254117
114182786,2017-09-20T05:47:08.407,0.00052634,2017-09-20 05:47:20.305079,BUY,0.07249898,PARTIAL_FILL,2017-09-20 06:00:36.751238,0.00726000
114182785,2017-09-20T05:47:08.407,0.05012499,2017-09-20 05:47:20.305079,BUY,0.07249898,PARTIAL_FILL,2017-09-20 06:00:36.751238,0.69138894
114182770,2017-09-20T05:46:54.123,0.03123480,2017-09-20 05:47:20.305079,SELL,0.07240000,PARTIAL_FILL,2017-09-20 06:00:36.751238,0.43142000
114182801,2017-09-20T05:47:19.123,0.14550570,2017-09-20 05:47:45.179087,BUY,0.07249900,FILL,2017-09-20 06:01:12.930469,2.00700299
114182798,2017-09-20T05:47:14.75,0.30855031,2017-09-20 05:47:45.179087,BUY,0.07249900,FILL,2017-09-20 06:01:12.930469,4.25592507
114182797,2017-09-20T05:47:14.75,0.14976314,2017-09-20 05:47:45.179087,BUY,0.07249899,PARTIAL_FILL,2017-09-20 06:01:12.930469,2.06572735
114182795,2017-09-20T05:47:13.077,0.35867468,2017-09-20 05:47:45.179087,BUY,0.07249899,FILL,2017-09-20 06:01:12.930469,4.94730598
114182883,2017-09-20T05:47:35.577,0.00440915,2017-09-20 05:47:51.219066,SELL,0.07234000,FILL,2017-09-20 06:02:16.045216,0.06095041
114182880,2017-09-20T05:47:35.123,0.37232727,2017-09-20 05:47:51.219066,BUY,0.07239001,FILL,2017-09-20 06:02:16.045216,5.14335167
114182875,2017-09-20T05:47:34.5,0.01309616,2017-09-20 05:47:51.219066,SELL,0.07234000,PARTIAL_FILL,2017-09-20 06:01:40.969098,0.18103629
114182871,2017-09-20T05:47:33.767,0.02208131,2017-09-20 05:47:51.219066,SELL,0.07234000,PARTIAL_FILL,2017-09-20 06:01:40.969098,0.30524353
114182863,2017-09-20T05:47:32.517,0.11062473,2017-09-20 05:47:51.219066,SELL,0.07234000,PARTIAL_FILL,2017-09-20 06:01:40.969098,1.52923328
114182862,2017-09-20T05:47:32.517,0.00695640,2017-09-20 05:47:51.219066,SELL,0.07234000,FILL,2017-09-20 06:01:40.969098,0.09616270
114182849,2017-09-20T05:47:29.907,0.02533650,2017-09-20 05:47:51.219066,SELL,0.07239000,FILL,2017-09-20 06:01:40.969098,0.35000000
114182830,2017-09-20T05:47:26.5,0.01341823,2017-09-20 05:47:51.219066,BUY,0.07239001,FILL,2017-09-20 06:01:40.969098,0.18536035
114182821,2017-09-20T05:47:23.187,0.19503995,2017-09-20 05:47:51.219066,SELL,0.07239001,FILL,2017-09-20 06:01:40.969098,2.69429384
114182820,2017-09-20T05:47:23.187,0.42323754,2017-09-20 05:47:51.219066,SELL,0.07239001,FILL,2017-09-20 06:01:12.930469,5.84662925
114182819,2017-09-20T05:47:23.187,0.01663213,2017-09-20 05:47:51.219066,SELL,0.07240000,FILL,2017-09-20 06:01:12.930469,0.22972569
114182811,2017-09-20T05:47:20.53,0.00488085,2017-09-20 05:47:51.219066,SELL,0.07240000,PARTIAL_FILL,2017-09-20 06:01:12.930469,0.06741508
114182965,2017-09-20T05:47:53.25,0.80732211,2017-09-20 05:48:17.073359,SELL,0.07231000,PARTIAL_FILL,2017-09-20 06:03:17.081734,11.16473674
114182964,2017-09-20T05:47:53.233,0.10251261,2017-09-20 05:48:17.073359,SELL,0.07231735,FILL,2017-09-20 06:02:46.211788,1.41753834
114182963,2017-09-20T05:47:53.233,0.00999999,2017-09-20 05:48:17.073359,SELL,0.07231739,FILL,2017-09-20 06:02:46.211788,0.13827932
114182962,2017-09-20T05:47:53.233,0.00999999,2017-09-20 05:48:17.073359,SELL,0.07231739,FILL,2017-09-20 06:02:46.211788,0.13827932
114182961,2017-09-20T05:47:53.233,0.01467987,2017-09-20 05:48:17.073359,SELL,0.07231746,FILL,2017-09-20 06:02:46.211788,0.20299211
114182960,2017-09-20T05:47:53.233,0.04577552,2017-09-20 05:48:17.073359,SELL,0.07232000,FILL,2017-09-20 06:02:46.211788,0.63295798
114182959,2017-09-20T05:47:52.53,0.05466780,2017-09-20 05:48:17.073359,SELL,0.07232000,PARTIAL_FILL,2017-09-20 06:02:46.211788,0.75591539
114182958,2017-09-20T05:47:52.53,0.09178742,2017-09-20 05:48:17.073359,SELL,0.07232000,FILL,2017-09-20 06:02:46.211788,1.26918459
114182957,2017-09-20T05:47:51.14,0.31378427,2017-09-20 05:48:17.073359,SELL,0.07232000,PARTIAL_FILL,2017-09-20 06:02:16.045216,4.33883120
114182955,2017-09-20T05:47:50.047,0.21075430,2017-09-20 05:48:17.073359,SELL,0.07232000,PARTIAL_FILL,2017-09-20 06:02:16.045216,2.91419114
114182948,2017-09-20T05:47:48.547,0.00430150,2017-09-20 05:48:17.073359,BUY,0.07239000,FILL,2017-09-20 06:02:16.045216,0.05942132
114183044,2017-09-20T05:48:34.36,0.00301514,2017-09-20 05:48:56.730761,SELL,0.07231000,PARTIAL_FILL,2017-09-20 06:03:17.081734,0.04169746
114183001,2017-09-20T05:48:18.877,0.14345709,2017-09-20 05:48:56.730761,SELL,0.07231000,PARTIAL_FILL,2017-09-20 06:03:17.081734,1.98391777
114183000,2017-09-20T05:48:18.877,0.06982836,2017-09-20 05:48:56.730761,SELL,0.07232000,FILL,2017-09-20 06:03:17.081734,0.96554704
114183083,2017-09-20T05:48:53.423,0.01138460,2017-09-20 05:49:20.048552,BUY,0.07239000,FILL,2017-09-20 06:03:17.081734,0.15726762
114183082,2017-09-20T05:48:53.423,0.13684355,2017-09-20 05:49:20.048552,BUY,0.07239000,PARTIAL_FILL,2017-09-20 06:03:17.081734,1.89036549
114183197,2017-09-20T05:49:13.88,0.00440251,2017-09-20 05:49:36.477399,BUY,0.07239001,FILL,2017-09-20 06:03:44.628038,0.06081665
114183188,2017-09-20T05:49:12.927,0.13676434,2017-09-20 05:49:36.477399,BUY,0.07239001,FILL,2017-09-20 06:03:17.081734,1.88927098
114183187,2017-09-20T05:49:12.927,0.17732366,2017-09-20 05:49:36.477399,BUY,0.07239000,PARTIAL_FILL,2017-09-20 06:03:17.081734,2.44956022
114183368,2017-09-20T05:49:48.1,0.02251754,2017-09-20 05:49:52.664124,BUY,0.07239001,FILL,2017-09-20 06:04:20.232104,0.31105874
114183365,2017-09-20T05:49:47.66,0.00723900,2017-09-20 05:49:52.664124,BUY,0.07239001,FILL,2017-09-20 06:04:20.232104,0.10000000
114183319,2017-09-20T05:49:37.287,0.00723100,2017-09-20 05:49:52.664124,SELL,0.07231000,PARTIAL_FILL,2017-09-20 06:03:44.628038,0.10000000
114183241,2017-09-20T05:49:21.457,0.13145632,2017-09-20 05:49:52.664124,SELL,0.07231000,PARTIAL_FILL,2017-09-20 06:03:44.628038,1.81795503
114183240,2017-09-20T05:49:21.457,0.00997500,2017-09-20 05:49:52.664124,SELL,0.07231000,FILL,2017-09-20 06:03:44.628038,0.13794773
114183239,2017-09-20T05:49:21.457,0.14462000,2017-09-20 05:49:52.664124,SELL,0.07231000,FILL,2017-09-20 06:03:44.628038,2.00000000
114183237,2017-09-20T05:49:21.457,0.06766042,2017-09-20 05:49:52.664124,SELL,0.07231000,FILL,2017-09-20 06:03:44.628038,0.93569942
114183236,2017-09-20T05:49:21.44,0.04370564,2017-09-20 05:49:52.664124,SELL,0.07231000,FILL,2017-09-20 06:03:44.628038,0.60442054
114183377,2017-09-20T05:49:58.113,0.00108684,2017-09-20 05:50:27.005340,BUY,0.07239001,FILL,2017-09-20 06:04:20.232104,0.01501375
114183376,2017-09-20T05:49:58.113,0.00233591,2017-09-20 05:50:27.005340,BUY,0.07235000,PARTIAL_FILL,2017-09-20 06:04:20.232104,0.03228625
114183412,2017-09-20T05:50:22.68,0.19741726,2017-09-20 05:51:00.124037,BUY,0.07239001,FILL,2017-09-20 06:04:20.232104,2.72713408
114183411,2017-09-20T05:50:22.68,0.00172079,2017-09-20 05:51:00.124037,BUY,0.07239000,PARTIAL_FILL,2017-09-20 06:04:20.232104,0.02377118
114183403,2017-09-20T05:50:20.757,0.07066920,2017-09-20 05:51:00.124037,BUY,0.07239000,FILL,2017-09-20 06:04:20.232104,0.97622882
114183522,2017-09-20T05:51:23.54,0.08403179,2017-09-20 05:51:39.238191,SELL,0.07231000,FILL,2017-09-20 06:04:47.140019,1.16210482
114183480,2017-09-20T05:51:11.15,0.00670587,2017-09-20 05:51:39.238191,SELL,0.07231000,PARTIAL_FILL,2017-09-20 06:04:20.232104,0.09273783
114183471,2017-09-20T05:51:07.4,0.01103894,2017-09-20 05:51:39.238191,BUY,0.07239001,FILL,2017-09-20 06:04:20.232104,0.15249272
114183565,2017-09-20T05:51:30.68,0.08966440,2017-09-20 05:51:57.238647,BUY,0.07231000,FILL,2017-09-20 06:04:47.140019,1.24000000
114183549,2017-09-20T05:51:28.57,0.04772460,2017-09-20 05:51:57.238647,BUY,0.07231000,FILL,2017-09-20 06:04:47.140019,0.66000000
114183645,2017-09-20T05:51:52.963,0.00145391,2017-09-20 05:52:05.930888,SELL,0.07230000,PARTIAL_FILL,2017-09-20 06:05:52.576880,0.02010952
114183634,2017-09-20T05:51:49.01,0.10207530,2017-09-20 05:52:05.930888,SELL,0.07230000,PARTIAL_FILL,2017-09-20 06:05:52.576880,1.41183000
114183630,2017-09-20T05:51:47.79,0.02188460,2017-09-20 05:52:05.930888,SELL,0.07230000,PARTIAL_FILL,2017-09-20 06:05:32.694522,0.30269163
114183629,2017-09-20T05:51:47.73,0.00001299,2017-09-20 05:52:05.930888,BUY,0.07231000,FILL,2017-09-20 06:04:47.140019,0.00017970
114183628,2017-09-20T05:51:47.73,0.28459530,2017-09-20 05:52:05.930888,BUY,0.07231000,PARTIAL_FILL,2017-09-20 06:04:47.140019,3.93576693
114183627,2017-09-20T05:51:47.73,0.00463121,2017-09-20 05:52:05.930888,BUY,0.07230240,PARTIAL_FILL,2017-09-20 06:04:47.140019,0.06405337
114183625,2017-09-20T05:51:47.633,0.10897922,2017-09-20 05:52:05.930888,SELL,0.07230000,PARTIAL_FILL,2017-09-20 06:04:47.140019,1.50731979
114183621,2017-09-20T05:51:47.43,0.00000384,2017-09-20 05:52:05.930888,SELL,0.07230240,FILL,2017-09-20 06:04:47.140019,0.00005323
114183620,2017-09-20T05:51:47.18,0.00464668,2017-09-20 05:52:05.930888,SELL,0.07230240,PARTIAL_FILL,2017-09-20 06:04:47.140019,0.06426732
114183731,2017-09-20T05:52:28.543,0.00179696,2017-09-20 05:52:36.172123,BUY,0.07231000,PARTIAL_FILL,2017-09-20 06:06:21.924260,0.02485091
114183720,2017-09-20T05:52:21.603,0.00213239,2017-09-20 05:52:36.172123,SELL,0.07231000,FILL,2017-09-20 06:06:21.924260,0.02948969
114183706,2017-09-20T05:52:13.683,0.00649038,2017-09-20 05:52:36.172123,SELL,0.07231000,PARTIAL_FILL,2017-09-20 06:05:52.576880,0.08975782
114183701,2017-09-20T05:52:12.23,0.00003611,2017-09-20 05:52:36.172123,BUY,0.07231000,PARTIAL_FILL,2017-09-20 06:05:52.576880,0.00049949
114183690,2017-09-20T05:52:08.777,0.01441288,2017-09-20 05:52:36.172123,BUY,0.07231000,FILL,2017-09-20 06:05:52.576880,0.19932081
114183780,2017-09-20T05:52:50.81,0.14460000,2017-09-20 05:53:01.493976,SELL,0.07230000,PARTIAL_FILL,2017-09-20 06:06:54.947767,2.00000000
114183779,2017-09-20T05:52:50.7,0.03845282,2017-09-20 05:53:01.493976,SELL,0.07230000,PARTIAL_FILL,2017-09-20 06:06:54.947767,0.53185100
114183778,2017-09-20T05:52:49.823,0.03845324,2017-09-20 05:53:01.493976,SELL,0.07230000,PARTIAL_FILL,2017-09-20 06:06:54.947767,0.53185684
114183773,2017-09-20T05:52:49.26,0.08000925,2017-09-20 05:53:01.493976,BUY,0.07249900,FILL,2017-09-20 06:06:54.947767,1.10359111
114183772,2017-09-20T05:52:49.26,0.00760095,2017-09-20 05:53:01.493976,BUY,0.07239001,PARTIAL_FILL,2017-09-20 06:06:54.947767,0.10500000
114183771,2017-09-20T05:52:49.26,0.04671958,2017-09-20 05:53:01.493976,BUY,0.07239001,PARTIAL_FILL,2017-09-20 06:06:54.947767,0.64538724
114183770,2017-09-20T05:52:49.26,0.01458261,2017-09-20 05:53:01.493976,BUY,0.07239001,PARTIAL_FILL,2017-09-20 06:06:51.759199,0.20144514
114183769,2017-09-20T05:52:49.26,0.04670798,2017-09-20 05:53:01.493976,BUY,0.07239001,PARTIAL_FILL,2017-09-20 06:06:21.924260,0.64522691
114183767,2017-09-20T05:52:49.23,0.02883993,2017-09-20 05:53:01.493976,SELL,0.07230000,PARTIAL_FILL,2017-09-20 06:06:21.924260,0.39889263
114183766,2017-09-20T05:52:48.81,0.03817955,2017-09-20 05:53:01.493976,SELL,0.07230000,PARTIAL_FILL,2017-09-20 06:06:21.924260,0.52807135
114183763,2017-09-20T05:52:48.107,0.00917862,2017-09-20 05:53:01.493976,SELL,0.07230000,PARTIAL_FILL,2017-09-20 06:06:21.924260,0.12695200
114183743,2017-09-20T05:52:32.637,0.08142375,2017-09-20 05:53:01.493976,SELL,0.07230000,PARTIAL_FILL,2017-09-20 06:06:21.924260,1.12619305
114183742,2017-09-20T05:52:32.637,0E-8,2017-09-20 05:53:01.493976,SELL,0.07231000,FILL,2017-09-20 06:06:21.924260,9E-8
114184101,2017-09-20T05:53:38.687,0.00434457,2017-09-20 05:53:41.301053,BUY,0.07240950,FILL,2017-09-20 06:07:18.068757,0.06000000
114184088,2017-09-20T05:53:37.67,0.00458730,2017-09-20 05:53:41.301053,SELL,0.07240950,FILL,2017-09-20 06:07:18.068757,0.06335230
114183897,2017-09-20T05:53:13.123,0.02195482,2017-09-20 05:53:41.301053,BUY,0.07239000,FILL,2017-09-20 06:07:18.068757,0.30328533
114184148,2017-09-20T05:54:03.157,0.00152028,2017-09-20 05:54:22.713349,BUY,0.07240000,FILL,2017-09-20 06:07:18.068757,0.02099847
114184145,2017-09-20T05:54:01.983,0.00098865,2017-09-20 05:54:22.713349,BUY,0.07240950,FILL,2017-09-20 06:07:18.068757,0.01365363
114184140,2017-09-20T05:54:00.953,0.00170401,2017-09-20 05:54:22.713349,BUY,0.07240950,FILL,2017-09-20 06:07:18.068757,0.02353300
114184246,2017-09-20T05:54:58.563,0.06209646,2017-09-20 05:55:09.142056,SELL,0.07230000,PARTIAL_FILL,2017-09-20 06:08:41.719646,0.85887226
114184245,2017-09-20T05:54:58.377,0.00906949,2017-09-20 05:55:09.142056,SELL,0.07230000,PARTIAL_FILL,2017-09-20 06:08:41.719646,0.12544251
114184244,2017-09-20T05:54:58.3,0.04657234,2017-09-20 05:55:09.142056,SELL,0.07230000,PARTIAL_FILL,2017-09-20 06:08:41.719646,0.64415420
114184239,2017-09-20T05:54:56.69,0.00077582,2017-09-20 05:55:09.142056,BUY,0.07232001,FILL,2017-09-20 06:07:59.842716,0.01072768
114184236,2017-09-20T05:54:56.343,0.01012480,2017-09-20 05:55:09.142056,BUY,0.07232001,FILL,2017-09-20 06:07:59.842716,0.14000000
114184227,2017-09-20T05:54:51.423,0.13014000,2017-09-20 05:55:09.142056,SELL,0.07230000,PARTIAL_FILL,2017-09-20 06:07:59.842716,1.80000000
114184218,2017-09-20T05:54:39.483,0.01333241,2017-09-20 05:55:09.142056,SELL,0.07230000,PARTIAL_FILL,2017-09-20 06:07:59.842716,0.18440411
114184217,2017-09-20T05:54:39.483,0.00264730,2017-09-20 05:55:09.142056,SELL,0.07232001,FILL,2017-09-20 06:07:59.842716,0.03660538
114184216,2017-09-20T05:54:38.377,0.01598340,2017-09-20 05:55:09.142056,SELL,0.07232001,PARTIAL_FILL,2017-09-20 06:07:59.842716,0.22100940
114184215,2017-09-20T05:54:38.36,0.01577191,2017-09-20 05:55:09.142056,SELL,0.07232001,PARTIAL_FILL,2017-09-20 06:07:59.842716,0.21808502
114184214,2017-09-20T05:54:38.22,0.05475707,2017-09-20 05:55:09.142056,SELL,0.07232001,PARTIAL_FILL,2017-09-20 06:07:59.842716,0.75714966
114184208,2017-09-20T05:54:36.86,0.02045921,2017-09-20 05:55:09.142056,SELL,0.07232001,PARTIAL_FILL,2017-09-20 06:07:59.842716,0.28289836
114184285,2017-09-20T05:55:11.33,0.00123011,2017-09-20 05:55:34.364818,BUY,0.07232001,FILL,2017-09-20 06:09:42.310771,0.01700933
114184271,2017-09-20T05:55:08.157,0.20606238,2017-09-20 05:55:34.364818,BUY,0.07232001,FILL,2017-09-20 06:09:42.310771,2.84931357
114184270,2017-09-20T05:55:08.157,0.26883231,2017-09-20 05:55:34.364818,BUY,0.07232001,PARTIAL_FILL,2017-09-20 06:09:42.310771,3.71726054
114184269,2017-09-20T05:55:08.157,0.24823669,2017-09-20 05:55:34.364818,BUY,0.07230000,PARTIAL_FILL,2017-09-20 06:09:42.310771,3.43342589
114184267,2017-09-20T05:55:06.5,0.05858958,2017-09-20 05:55:34.364818,BUY,0.07230000,FILL,2017-09-20 06:08:41.719646,0.81036776
114184258,2017-09-20T05:55:02.563,0.60434136,2017-09-20 05:55:34.364818,SELL,0.07230000,FILL,2017-09-20 06:08:41.719646,8.35880166
114184257,2017-09-20T05:55:02.563,0.02038515,2017-09-20 05:55:34.364818,SELL,0.07230000,FILL,2017-09-20 06:08:41.719646,0.28195241
114184256,2017-09-20T05:55:02.563,0.00052950,2017-09-20 05:55:34.364818,SELL,0.07230000,FILL,2017-09-20 06:08:41.719646,0.00732369
114184255,2017-09-20T05:55:02.563,0.04699503,2017-09-20 05:55:34.364818,SELL,0.07230000,FILL,2017-09-20 06:08:41.719646,0.65000052
114184254,2017-09-20T05:55:02.563,0.08399330,2017-09-20 05:55:34.364818,SELL,0.07230000,FILL,2017-09-20 06:08:41.719646,1.16173318
114184252,2017-09-20T05:55:02.237,0.22650712,2017-09-20 05:55:34.364818,BUY,0.07232001,FILL,2017-09-20 06:08:41.719646,3.13201178
114184386,2017-09-20T05:55:34.877,0.00548397,2017-09-20 05:55:48.934514,SELL,0.07226000,PARTIAL_FILL,2017-09-20 06:10:01.813995,0.07589228
114184385,2017-09-20T05:55:34.643,0.07563143,2017-09-20 05:55:48.934514,SELL,0.07226000,PARTIAL_FILL,2017-09-20 06:10:01.813995,1.04665700
114184381,2017-09-20T05:55:33.94,0.00926170,2017-09-20 05:55:48.934514,SELL,0.07226000,PARTIAL_FILL,2017-09-20 06:10:01.813995,0.12817192
114184313,2017-09-20T05:55:22.707,0.00509873,2017-09-20 05:55:48.934514,SELL,0.07226000,PARTIAL_FILL,2017-09-20 06:09:42.310771,0.07056090
114184288,2017-09-20T05:55:13.347,0.02167800,2017-09-20 05:55:48.934514,SELL,0.07226000,PARTIAL_FILL,2017-09-20 06:09:42.310771,0.30000000
114184498,2017-09-20T05:56:00.927,0.00867905,2017-09-20 05:56:08.400501,BUY,0.07232000,FILL,2017-09-20 06:10:01.813995,0.12000900
114184471,2017-09-20T05:55:50.317,0.14415790,2017-09-20 05:56:08.400501,SELL,0.07226000,PARTIAL_FILL,2017-09-20 06:10:01.813995,1.99498893
114184508,2017-09-20T05:56:04.927,0.00867948,2017-09-20 05:56:35.601623,BUY,0.07232000,FILL,2017-09-20 06:10:01.813995,0.12001500
114184690,2017-09-20T05:56:34.55,0.05094119,2017-09-20 05:56:38.980981,BUY,0.07249900,FILL,2017-09-20 06:10:01.813995,0.70264693
114184561,2017-09-20T05:56:09.893,0.07290108,2017-09-20 05:56:38.980981,BUY,0.07240000,PARTIAL_FILL,2017-09-20 06:10:01.813995,1.00692112
114184552,2017-09-20T05:56:09.083,0.16010935,2017-09-20 05:56:38.980981,BUY,0.07240000,FILL,2017-09-20 06:10:01.813995,2.21145518
114184541,2017-09-20T05:56:08.19,0.48946926,2017-09-20 05:56:38.980981,BUY,0.07240000,FILL,2017-09-20 06:10:01.813995,6.76062523
114184540,2017-09-20T05:56:08.19,0.00930512,2017-09-20 05:56:38.980981,BUY,0.07232001,PARTIAL_FILL,2017-09-20 06:10:01.813995,0.12866603
114184529,2017-09-20T05:56:07.287,0.01923554,2017-09-20 05:56:38.980981,BUY,0.07232000,FILL,2017-09-20 06:10:01.813995,0.26597817
114184737,2017-09-20T05:56:42.6,0.00352054,2017-09-20 05:57:10.838554,SELL,0.07232000,PARTIAL_FILL,2017-09-20 06:10:01.813995,0.04868014
114184711,2017-09-20T05:56:38.8,0.01452222,2017-09-20 05:57:10.838554,SELL,0.07232000,PARTIAL_FILL,2017-09-20 06:10:01.813995,0.20080507
114185067,2017-09-20T05:57:34.32,0.03643096,2017-09-20 05:57:38.733091,BUY,0.07249900,FILL,2017-09-20 06:10:32.192830,0.50250299
114185035,2017-09-20T05:57:29.587,0.01025880,2017-09-20 05:57:38.733091,SELL,0.07230000,PARTIAL_FILL,2017-09-20 06:10:32.192830,0.14189221
114185023,2017-09-20T05:57:28.053,0.04103522,2017-09-20 05:57:38.733091,SELL,0.07230000,PARTIAL_FILL,2017-09-20 06:10:32.192830,0.56756885
114184991,2017-09-20T05:57:24.333,0.00871031,2017-09-20 05:57:38.733091,BUY,0.07249900,FILL,2017-09-20 06:10:32.192830,0.12014400
114184974,2017-09-20T05:57:22.037,0.01399691,2017-09-20 05:57:38.733091,BUY,0.07249900,FILL,2017-09-20 06:10:32.192830,0.19306362
114184958,2017-09-20T05:57:20.147,0.01041827,2017-09-20 05:57:38.733091,BUY,0.07249900,FILL,2017-09-20 06:10:32.192830,0.14370234
114184954,2017-09-20T05:57:19.63,0.03644513,2017-09-20 05:57:38.733091,BUY,0.07249900,FILL,2017-09-20 06:10:32.192830,0.50269842
114184940,2017-09-20T05:57:17.583,0.21339966,2017-09-20 05:57:38.733091,BUY,0.07249900,FILL,2017-09-20 06:10:32.192830,2.94348431
114184939,2017-09-20T05:57:17.583,0.13998352,2017-09-20 05:57:38.733091,BUY,0.07249900,PARTIAL_FILL,2017-09-20 06:10:32.192830,1.93083390
114184938,2017-09-20T05:57:17.583,0.04782147,2017-09-20 05:57:38.733091,BUY,0.07232000,PARTIAL_FILL,2017-09-20 06:10:32.192830,0.66124830
114184937,2017-09-20T05:57:17.583,0.07231999,2017-09-20 05:57:38.733091,BUY,0.07231999,PARTIAL_FILL,2017-09-20 06:10:32.192830,1.00000000
114184904,2017-09-20T05:57:11.583,0.00517480,2017-09-20 05:57:38.733091,SELL,0.07232000,FILL,2017-09-20 06:10:01.813995,0.07155421
114184903,2017-09-20T05:57:11.583,0.01795499,2017-09-20 05:57:38.733091,SELL,0.07232000,FILL,2017-09-20 06:10:01.813995,0.24827157
114184902,2017-09-20T05:57:11.583,0.00136872,2017-09-20 05:57:38.733091,SELL,0.07232000,FILL,2017-09-20 06:10:01.813995,0.01892592
114185392,2017-09-20T05:58:07.197,0.00870660,2017-09-20 05:58:19.311288,BUY,0.07232000,FILL,2017-09-20 06:10:32.192830,0.12039000
114185360,2017-09-20T05:58:03.867,0.00870660,2017-09-20 05:58:19.311288,BUY,0.07232000,FILL,2017-09-20 06:10:32.192830,0.12039000
114185331,2017-09-20T05:58:00.867,0.00870660,2017-09-20 05:58:19.311288,BUY,0.07232000,FILL,2017-09-20 06:10:32.192830,0.12039000
114185308,2017-09-20T05:57:58.133,0.00870660,2017-09-20 05:58:19.311288,BUY,0.07232000,FILL,2017-09-20 06:10:32.192830,0.12039000
114185275,2017-09-20T05:57:55.07,0.00870660,2017-09-20 05:58:19.311288,BUY,0.07232000,FILL,2017-09-20 06:10:32.192830,0.12039000
114185251,2017-09-20T05:57:52.243,0.00872815,2017-09-20 05:58:19.311288,BUY,0.07232000,FILL,2017-09-20 06:10:32.192830,0.12068800
114185237,2017-09-20T05:57:51.303,0.01022620,2017-09-20 05:58:19.311288,SELL,0.07230000,PARTIAL_FILL,2017-09-20 06:10:32.192830,0.14144132
114185235,2017-09-20T05:57:51.21,0.00082373,2017-09-20 05:58:19.311288,BUY,0.07232000,FILL,2017-09-20 06:10:32.192830,0.01139015
114185215,2017-09-20T05:57:49.18,0.00872815,2017-09-20 05:58:19.311288,BUY,0.07232000,FILL,2017-09-20 06:10:32.192830,0.12068800
114185191,2017-09-20T05:57:46.46,0.00872815,2017-09-20 05:58:19.311288,BUY,0.07232000,FILL,2017-09-20 06:10:32.192830,0.12068800
114185159,2017-09-20T05:57:43.523,0.02693794,2017-09-20 05:58:19.311288,BUY,0.07232000,FILL,2017-09-20 06:10:32.192830,0.37248267
114185157,2017-09-20T05:57:43.447,0.00872815,2017-09-20 05:58:19.311288,BUY,0.07232000,FILL,2017-09-20 06:10:32.192830,0.12068800
114185531,2017-09-20T05:58:31.087,0.00488514,2017-09-20 05:58:42.408031,BUY,0.07249900,FILL,2017-09-20 06:12:41.422676,0.06738229
114185518,2017-09-20T05:58:24.977,0.00430687,2017-09-20 05:58:42.408031,BUY,0.07249900,FILL,2017-09-20 06:12:41.422676,0.05940600
114185510,2017-09-20T05:58:21.87,0.00870662,2017-09-20 05:58:42.408031,BUY,0.07249900,FILL,2017-09-20 06:12:10.775139,0.12009300
114185503,2017-09-20T05:58:20.26,0.01316850,2017-09-20 05:58:42.408031,BUY,0.07249900,FILL,2017-09-20 06:11:43.901612,0.18163708
114185500,2017-09-20T05:58:19.65,0.00408278,2017-09-20 05:58:42.408031,BUY,0.07249900,FILL,2017-09-20 06:11:30.396527,0.05631508
114185495,2017-09-20T05:58:19.32,0.00305445,2017-09-20 05:58:42.408031,BUY,0.07249900,FILL,2017-09-20 06:11:30.396527,0.04213099
114185493,2017-09-20T05:58:19.227,0.04376578,2017-09-20 05:58:42.408031,BUY,0.07249900,FILL,2017-09-20 06:11:13.626243,0.60367433
114185490,2017-09-20T05:58:18.9,0.03919639,2017-09-20 05:58:42.408031,BUY,0.07249900,FILL,2017-09-20 06:11:13.626243,0.54064740
114185468,2017-09-20T05:58:16.447,0.00077684,2017-09-20 05:58:42.408031,SELL,0.07226000,PARTIAL_FILL,2017-09-20 06:11:13.626243,0.01075066
114185467,2017-09-20T05:58:16.447,0.03200001,2017-09-20 05:58:42.408031,SELL,0.07230000,FILL,2017-09-20 06:11:13.626243,0.44260055
114185466,2017-09-20T05:58:16.447,0.07548290,2017-09-20 05:58:42.408031,SELL,0.07230000,FILL,2017-09-20 06:11:13.626243,1.04402354
114185465,2017-09-20T05:58:16.447,0.00872815,2017-09-20 05:58:42.408031,SELL,0.07232000,FILL,2017-09-20 06:11:13.626243,0.12068800
114185441,2017-09-20T05:58:13.163,0.15285986,2017-09-20 05:58:42.408031,BUY,0.07249900,FILL,2017-09-20 06:11:13.626243,2.10844105
114185440,2017-09-20T05:58:13.163,0.01605504,2017-09-20 05:58:42.408031,BUY,0.07232000,PARTIAL_FILL,2017-09-20 06:11:13.626243,0.22200000
114185439,2017-09-20T05:58:13.15,0.03181604,2017-09-20 05:58:42.408031,BUY,0.07232000,PARTIAL_FILL,2017-09-20 06:11:03.089083,0.43993423
114185437,2017-09-20T05:58:12.993,0.00872815,2017-09-20 05:58:42.408031,BUY,0.07232000,FILL,2017-09-20 06:10:32.192830,0.12068800
114185428,2017-09-20T05:58:11.773,0.06531955,2017-09-20 05:58:42.408031,BUY,0.07232000,FILL,2017-09-20 06:10:32.192830,0.90320181
114185427,2017-09-20T05:58:11.773,0.07993739,2017-09-20 05:58:42.408031,BUY,0.07232000,PARTIAL_FILL,2017-09-20 06:10:32.192830,1.10532902
114185417,2017-09-20T05:58:10.12,0.00870660,2017-09-20 05:58:42.408031,BUY,0.07232000,FILL,2017-09-20 06:10:32.192830,0.12039000
114185564,2017-09-20T05:58:47.963,0.21546843,2017-09-20 05:59:24.905068,BUY,0.07249900,FILL,2017-09-20 06:13:16.798294,2.97201941
114185563,2017-09-20T05:58:47.963,0.03879488,2017-09-20 05:59:24.905068,BUY,0.07249900,PARTIAL_FILL,2017-09-20 06:12:51.766531,0.53510922
114185559,2017-09-20T05:58:46.76,0.01954340,2017-09-20 05:59:24.905068,BUY,0.07249900,FILL,2017-09-20 06:12:51.766531,0.26956788
114185553,2017-09-20T05:58:44.68,0.07322399,2017-09-20 05:59:24.905068,BUY,0.07249900,FILL,2017-09-20 06:12:41.422676,1.01000000
114185650,2017-09-20T05:59:35.01,0.02495704,2017-09-20 05:59:43.479178,BUY,0.07249900,FILL,2017-09-20 06:13:34.726972,0.34423986
114185649,2017-09-20T05:59:35.01,0.01729528,2017-09-20 05:59:43.479178,BUY,0.07249900,PARTIAL_FILL,2017-09-20 06:13:34.726972,0.23855897
114185648,2017-09-20T05:59:35.01,0.01747885,2017-09-20 05:59:43.479178,BUY,0.07240950,PARTIAL_FILL,2017-09-20 06:13:16.798294,0.24138900
114185632,2017-09-20T05:59:24.23,0.00472294,2017-09-20 05:59:43.479178,BUY,0.07249900,FILL,2017-09-20 06:13:16.798294,0.06514500
114185623,2017-09-20T05:59:21.527,0.00708264,2017-09-20 05:59:43.479178,BUY,0.07249900,FILL,2017-09-20 06:13:16.798294,0.09769300
114185619,2017-09-20T05:59:18.433,0.00708264,2017-09-20 05:59:43.479178,BUY,0.07249900,FILL,2017-09-20 06:13:16.798294,0.09769300
114185756,2017-09-20T06:00:11.747,0.00209344,2017-09-20 06:00:14.231297,BUY,0.07232000,FILL,2017-09-20 06:14:17.214354,0.02894700
114185754,2017-09-20T06:00:10.92,0.19913839,2017-09-20 06:00:14.231297,BUY,0.07232000,FILL,2017-09-20 06:14:17.214354,2.75357300
114185746,2017-09-20T06:00:05.903,0.33536327,2017-09-20 06:00:14.231297,BUY,0.07249899,FILL,2017-09-20 06:14:17.214354,4.62576477
114185740,2017-09-20T06:00:03.73,0.08754632,2017-09-20 06:00:14.231297,SELL,0.07226000,PARTIAL_FILL,2017-09-20 06:13:34.726972,1.21154612
114185738,2017-09-20T06:00:03.48,0.28204056,2017-09-20 06:00:14.231297,SELL,0.07226000,PARTIAL_FILL,2017-09-20 06:13:34.726972,3.90313535
114185737,2017-09-20T06:00:03.48,0.01527085,2017-09-20 06:00:14.231297,SELL,0.07230000,FILL,2017-09-20 06:13:34.726972,0.21121511
